2975 5159
1435 530 1552 550 ...-
1586 494 1677 564 74
1719 437 1827 551 1....

580 631 754 718 veri,
796 630 1051 708 deindo
1103 636 1568 731 requiescere,
1610 655 1678 716 et
1739 644 1948 718 colari
1999 641 2175 718 mox
2218 641 2370 715 usui
2426 644 2674 717 futura,

585 756 753 830 Item
795 756 1255 853 faeculentum,
1288 764 1381 837 ait
1410 766 1778 859 Palladius,
1813 770 2039 843 statim
2074 770 2427 864 limpidum
2450 768 2674 852 reddi,

585 879 647 952 si
687 896 946 977 septem
986 885 1125 978 pini
1154 890 1451 966 ⁴nucleos
1477 893 1548 964 in
1589 916 1804 970 unium
1841 895 1978 966 vini
2011 894 2388 968 sextarium
2421 892 2676 979 mittas,

583 1004 842 1099 diuque
869 1030 1340 1106 commoveas,
1376 1029 1444 1088 et
1470 1018 1822 1112 paululum
1845 1041 2118 1093 cessare
2147 1019 2426 1113 patiaris
2458 1045 2477 1091 z
2509 1039 2678 1090 mox

583 1149 855 1206 sumere
906 1138 1313 1233 puritatem,
1358 1145 1708 1238 colarique
1758 1146 2044 1230 debere,
2080 1155 2148 1217 et
2184 1145 2251 1216 in
2311 1167 2512 1216 usum
2564 1166 2682 1216 re-

587 1257 747 1329 ferri
777 1262 907 1354 (l).
940 1262 1262 1337 Horatius
1297 1267 1505 1340 etiam
1543 1292 1672 1342 nos
1705 1270 1908 1346 docet
1945 1292 2080 1342 ovo
2122 1269 2519 1344 columbino
2565 1270 2680 1341 vi-

585 1404 752 1456 num
799 1382 1128 1480 liquidius
1154 1390 1331 1481 fieri,
1372 1396 1562 1487 quod
1589 1395 1708 1476 hia
1726 1395 1957 1470 verbis
1985 1396 2295 1480 declarat
2325 1422 2343 1465 ε

766 1577 1125 1644 Surrentina
1160 1582 1327 1647 vafer
1353 1585 1459 1667 qui
1483 1585 1706 1651 miscet
1734 1588 1880 1651 l‘aece
1910 1588 2168 1651 Falerna

764 1683 941 1755 Vina,
962 1687 1325 1752 columbino
1359 1691 1576 1756 limum
1607 1691 1764 1756 bene
1794 1694 2029 1775 colligit
2057 1714 2194 1771 ovo,

767 1792 1081 1865 Quatenus
1111 1795 1231 1859 ima
1259 1799 1410 1878 petit
1437 1798 1690 1863 volvens
1718 1799 1922 1864 aliena
1948 1802 2197 1866 vitellus
2232 1801 2333 1885 (2).

584 1966 671 2042 Et
724 1969 905 2041 hanc
963 1971 1220 2046 Horatii
1270 1977 1600 2050 rationem
1648 2002 1808 2052 cum
1861 1992 2091 2053 nostra
2140 1982 2452 2052 conferre
2494 1979 2676 2067 licet,

589 2093 718 2164 nisi
755 2095 983 2170 vitello
1032 2100 1261 2193 potius
1304 2126 1510 2197 quam
1546 2106 1898 2179 albumine
1929 2108 2275 2182 Romanos
2314 2127 2480 2177 usos
2528 2126 2680 2177 esse

587 2218 1097 2306 denuntiaverit
1128 2225 1258 2320 (3).

683 2346 875 2418 Tunc
916 2350 971 2420 si
1009 2359 1275 2423 tantum
1323 2354 1392 2424 in
1428 2377 1685 2426 annum
1741 2357 1903 2428 vina
1951 2377 2226 2428 servare
2265 2356 2469 2427 vellet
2511 2356 2684 2426 vini·-

591 2483 720 2560 tor,
755 2471 825 2543 in
857 2474 1058 2546 doliis
1091 2476 1201 2552 illa
1238 2478 1494 2551 diutius
1529 2502 1805 2552 manere
1841 2481 2135 2563 sinebat,
2171 2491 2239 2552 et
2275 2481 2364 2552 ab
2401 2501 2488 2551 eo
2512 2490 2678 2551 tem-

590 2618 757 2691 pore
800 2620 944 2693 quo
982 2601 1272 2695 primum
1303 2604 1488 2677 dolia
1533 2605 2047 2699 operculaveret
2077 2627 2296 2698 usque
2334 2605 2425 2676 ad
2461 2605 2675 2697 aequi·

588 2723 892 2806 noctium
931 2747 1217 2799 vernum
1253 2730 1462 2800 semel
1500 2729 1568 2800 iu
1606 2730 1854 2802 diebus
1887 2730 2171 2802 XXXVI
2205 2730 2442 2800 vinum
2486 2749 2682 2801 cura-

583 2848 746 2940 bat3
817 2852 1228 2954 quotiesque
1290 2854 1421 2926 hoe
1485 2854 1719 2928 officio
1771 2855 2242 2945 fungebatur,
2314 2854 2503 2926 labra
2567 2853 2679 2925 vel

589 2974 821 3048 fauces
888 2976 1229 3052 doliorum
1294 3000 1567 3074 semper
1621 2979 1911 3050 nucibus
1962 2980 2184 3074 pineis
2251 2980 2673 3052 suffricabat.

589 3100 855 3176 Florere
899 3112 1126 3175 tamen
1160 3104 1215 3178 si
1255 3105 1417 3176 vina
1454 3104 1904 3199 incepissent,
1945 3104 2198 3198 saepius
2239 3105 2547 3192 curabat,
2594 3127 2683 3177 ne

590 3224 720 3296 flos
767 3226 916 3316 ejus
967 3249 1234 3321 pessum
1287 3227 1415 3300 iret
1468 3249 1925 3324 saporemque
1962 3229 2237 3300 vitiaret
2292 3255 2309 3298 :
2366 3251 2565 3319 nam,
2605 3241 2687 3304 ut

584 3350 927 3444 putabant
972 3352 1524 3446 prudentissimi,
1558 3366 1816 3445 quanto
1866 3353 2086 3448 major
2134 3362 2344 3426 aestus
2397 3355 2550 3443 erit3
2597 3376 2683 3427 eo

667 3527 743 3609 (1)
776 3525 1031 3602 Pallad.,
1062 3527 1169 3604 XI,
1203 3527 1296 3590 14.

673 3635 754 3714 (Ξ)
790 3636 934 3696 Hor.
967 3631 1230 3711 Sat.,11,
1259 3636 1319 3712 4,
1354 3635 1557 3697 55-57.

668 3740 749 3824 (3)
781 3743 866 3804 De
890 3740 1168 3804 versibus
1198 3741 1319 3803 illis
1359 3741 1592 3814 Hor-,atii
1625 3741 1988 3806 Heuderson
2015 3740 2080 3802 in
2116 3740 2369 3814 historia
2396 3741 2688 3824 vinorum

588 3849 679 3916 sic
709 3848 987 3930 loquitur
1024 3867 1039 3910 ε
1087 3870 1117 3907 α
1149 3849 1279 3910 The
1308 3865 1565 3929 passage
1595 3846 1663 3911 of
1688 3848 1954 3922 Horace,
1987 3848 2051 3910 in
2087 3848 2296 3912 which
2327 3849 2406 3911 he
2444 3848 2689 3914 alludes

591 3963 655 4020 to
679 3956 787 4044 the
811 3953 1108 4035 mending
1135 3954 1208 4017 of
1224 3954 1580 4017 Surrentine
1608 3954 1770 4018 wine
1789 3954 1940 4018 with
1965 3954 2071 4034 the
2094 3955 2219 4018 lees
2248 3954 2317 4022 of
2333 3957 2684 4034 Faternian,

594 4063 802 4126 shows
830 4062 958 4128 that
994 4063 1103 4125 the
1129 4063 1308 4143 yolks
1347 4063 1417 4125 of
1440 4064 1713 4144 pigeon’s
1753 4079 1900 4141 eggs
1923 4080 2089 4126 were
2118 4061 2249 4126 also
2275 4062 2430 4125 used
2459 4064 2554 4126 for
2578 4065 2690 4128 the

594 4189 764 4236 same
789 4188 1081 4252 purpose,
1110 4169 1339 4249 unless,
1365 4188 1435 4234 as
1466 4170 1642 4232 there
1665 4168 1720 4232 is
1745 4186 1920 4243 some
1942 4149 2166 4236 reasoii
2189 4175 2256 4232 to
2281 4177 2557 4251 suspect,
2575 4172 2691 4235 the

595 4287 744 4360 poet
768 4280 880 4344 has
903 4275 1215 4343 mistaken'
1230 4280 1338 4343 the
1356 4277 1503 4360 yolk
1528 4278 1624 4341 for
1649 4278 1755 4341 the
1785 4276 1993 4342 white,
2027 4297 2059 4337 ι)
2090 4309 2096 4316 -
