2975 5159
1117 558 1219 576 ...-
1264 519 1358 593 73
1401 556 1501 576 ...-

261 690 479 746 naeea·
496 727 501 734 .
517 669 1211 744 addebatur->cimam
1232 680 1514 767 partem*
1546 689 1749 765 aquae
1791 657 2014 742 duleis
2050 669 2251 742 simul
2273 675 2372 741 'et'

259 816 545 889 spumas
579 796 1017 867 defrutisive
1055 818 1245 891 sapae
1271 796 1418 893 (1),
1460 799 1679 868 loram
1729 796 2063 890 eptimam
2113 815 2206 870 ex
2233 815 2362 867 ve-

266 931 409 994 tere
453 942 634 1013 aqua
670 920 970 993 faciebat
1018 934 1086 993 et
1116 942 1620 1016 nonuunquam
1660 923 1811 1015 plus
1841 919 2121 994 biennio
2153 924 2357 992 inno-

265 1045 454 1118 xiam
472 1045 674 1118 -illam
703 1065 979 1119 servare
1006 1055 1299 1139 poterat..

694 1465 697 1472 '
751 1456 1115 1547 Quomodo
1164 1471 1558 1528 servaretur
1602 1457 1879 1527 vinum.

369 1605 647 1707 Relictis.
684 1656 851 1710 vero
894 1622 1357 1727 secundariis,
1417 1636 1509 1708 ad
1561 1654 1725 1707 vera
1769 1633 1936 1705 vina
1988 1633 2365 1710 redeamus.

273 1760 651 1834 Conditura
687 1759 988 1854 quidem,
1023 1762 1110 1833 de
1137 1784 1275 1855 qua
1300 1761 1463 1834 satis
1484 1762 1629 1854 jam
1661 1757 1987 1848 diximuS,
2027 1761 2227 1842 veluti
2267 1762 2369 1833 vi·

273 1905 529 1962 norum
566 1885 1023 1958 medicamine
1049 1886 1350 1980 quodam
1386 1886 1707 1958 utebatur
1741 1885 2016 1976 vinitor,
2050 1886 2172 1957 sed
2202 1885 2372 1956 mul-

268 2010 368 2114 tis
409 2009 561 2082 aliis
614 2009 819 2084 rebus
876 2009 1168 2081 curabat
1215 2011 1690 2106 utliquorem
1721 2020 1790 2082 et
1826 2010 1899 2080 in
1953 2008 2266 2084 doliiset
2299 2009 2370 2080 in

272 2136 460 2210 vasis
496 2135 859 2207 innoxium
893 2155 1099 2227 quam
1142 2134 1526 2209 diutissime
1553 2155 1828 2207 servare
1863 2143 2116 2228 posset.

381 2260 619 2351 Igitur,
676 2282 890 2355 quum
937 2282 978 2332 e
1040 2261 1194 2333 lacu
1257 2270 1555 2334 mustum
1605 2260 1678 2329 in
1725 2258 1909 2331 dolia
1956 2258 2369 2348 demitteret,

283 2384 577 2460 cavebat
612 2407 698 2456 ne
748 2383 931 2458 dolia
980 2385 1266 2458 nimium
1312 2385 1759 2480 implerentur
1807 2405 1946 2476 quo
2002 2383 2260 2456 facilius
2310 2394 2379 2455 et

295 2509 572 2581 liberius
601 2509 985 2584 deferveret
1011 2537 1032 2601 ς
1070 2509 1178 2582 bis
1208 2519 1476 2604 postea,
1513 2508 1862 2601 quotidie,
1897 2506 2186 2604 ‚scopula
2213 2529 2375 2602 spu·-

290 2654 474 2704 mam
508 2632 908 2725 detergebat
959 2660 977 2703 ε
1016 2662 1051 2698 α
1083 2632 1471 2709 Deliacum
1519 2634 1722 2719 vin0,
1759 2633 1854 2703 ait
1896 2632 2062 2704 Cato
2097 2628 2231 2725 (2),
2275 2632 2382 2703 bis

291 2757 505 2830 indie
554 2759 726 2830 faece
749 2835 755 2851 ι
775 2766 1286 2850 extergeantur.
1326 2756 1700 2850 Privasque
1735 2758 2050 2852 scopulus
2101 2755 2382 2827 in-dolia

293 2883 501 2954 facito
533 2880 794 2954 habeas
820 2880 913 2953 illi
939 2883 1064 2967 rei,
1093 2881 1212 2975 qui
1243 2881 1433 2952 labra
1466 2879 1810 2952 doliorum
1839 2879 2321 2952 circumfrices.
2351 2905 2385 2942 n

292 3007 519 3093 Quum
544 3018 771 3080 autem
801 3005 1256 3078 deferbuisset
1275 3006 1544 3091 vinum,
1566 3003 1954 3092 condiebat,
1973 3025 2101 3076 nec
2126 3002 2381 3091 statim,

297 3131 641 3226 permixta
675 3130 1063 3221 conditura,
1099 3129 1494 3201 diffundere
1524 3128 1809 3214 solebat,
1845 3128 1969 3200 sed
2007 3127 2182 3203 illud
2206 3125 2391 3200 sine·

297 3256 418 3330 bat
462 3257 535 3327 in
562 3253 762 3327 doliis
794 3255 1199 3348 liquescere.

397 3380 469 3452 Si
523 3380 757 3452 vinum
788 3378 1136 3452 difficilius
1170 3378 1601 3471 liquesceret,
1641 3377 1973 3450 rationem
2022 3378 2393 3471 quamdam

297 3504 646 3576 habebant
678 3503 969 3574 Romani
1026 3524 1165 3595 qua
1213 3502 1472 3584 clarum
1517 3514 1584 3578 et
1630 3502 1987 3597 limpidum
2022 3501 2190 3582 illud
2241 3502 2399 3574 faci-

304 3631 436 3700 lius
475 3625 852 3700 efficerent.
899 3627 1150 3698 Vinum
1201 3627 1385 3698 enim
1432 3635 1509 3697 ut
1553 3626 1910 3721 limpidum
1966 3625 2197 3716 fieret,
2239 3627 2400 3699 talia

306 3753 611 3848 plerique
636 3749 1140 3846 praecipiebant
1173 3777 1191 3822 ε
1230 3772 1444 3843 grana
1478 3749 1738 3846 piperis
1762 3751 2006 3823 decem
2021 3761 2095 3822 tet
2122 3749 2403 3845 pistacia

305 3877 554 3969 viginti
589 3875 1171 3969 adjectomodico
1206 3875 1375 3947 vino
1416 3875 1621 3947 simul
1650 3885 2032 3964 conterere,
2072 3885 2140 3946 et
2175 3876 2243 3945 in
2285 3895 2400 3947 sex

307 4003 452 4073 vini
506 4002 842 4073 sextarios
885 3999 1193 4088 mittere,
1245 4011 1391 4071 tum
1443 3998 1596 4072 haec
1646 4001 1878 4072 omnia
1930 4001 2049 4072 diu
2098 4021 2403 4071 commo-

390 4177 473 4257 (1)
501 4175 769 4250 Colum„
800 4177 927 4253 XII,
954 4176 1060 4239 40.
1124 4231 1127 4240 .

398 4284 481 4366 (2)
505 4286 660 4361 Cat„
687 4283 899 4348 XXVI.
