2975 5159
1386 475 1779 544 ...60-

533 623 786 700 bantur
823 645 980 695 uvae
1011 645 1170 716 quae
1216 625 1497 697 ealeatae
1526 625 1820 713 fuerant,
1854 633 2061 718 atque
2090 622 2179 696 ita
2214 623 2286 694 in
2315 646 2454 695 uno
2498 636 2634 698 tor-

530 749 794 838 culario
841 752 1102 822 torcula
1143 753 1480 824 nonnulla
1515 750 1664 823 fieri
1697 760 2039 845 poterant.

629 876 875 950 Primis
913 876 1196 970 quidem
1236 877 1306 952 in
1343 878 1792 973 temporibuS,
1826 897 2042 971 quum
2071 879 2419 950 Romanos
2456 877 2633 949 hane

529 1011 749 1074 artem
780 1002 1007 1074 nuilus
1045 1003 1277 1076 adhue
1307 1026 1470 1075 usus
1508 1004 1932 1095 edocuisset,
1981 1024 2155 1075 saxo
2193 1002 2453 1094 ingenti
2489 1024 2632 1096 quo

532 1136 921 1222 premerent
968 1104 1140 1200 uras
1194 1128 1567 1201 utebantur
1611 1155 1628 1201 ε
1673 1139 1814 1200 tum
1859 1128 2172 1201 vectibus
2215 1138 2285 1199 et
2323 1128 2631 1200 maximo

530 1250 679 1324 nisu
731 1252 1088 1325 levabatur
1143 1276 1431 1340 saxum,
1476 1264 1545 1325 et
1587 1254 1679 1325 ilii
1730 1251 1983 1327 vinitor
2017 1254 2426 1347 subjiciebat
2460 1277 2632 1327 uvas

530 1397 705 1471 quas
740 1377 808 1448 in
844 1377 1080 1450 fiscina
1111 1377 1217 1474 (t)
1245 1379 1351 1452 vel
1391 1379 1571 1452 inter
1608 1380 1885 1472 regulas
1919 1378 2026 1476 (2)
2065 1380 2479 1475 deposuerat
2512 1401 2628 1466 ne,

528 1505 818 1575 cadente
872 1524 1091 1591 saite,
1149 1504 1413 1576 facilius
1477 1504 1805 1576 extremis
1865 1504 2004 1575 oris
2061 1503 2292 1597 egredi
2351 1515 2631 1600 possent

528 1626 793 1699 liberae.
830 1626 921 1698 At
951 1627 1279 1724 paulatim
1316 1629 1616 1701 inventae
1654 1631 1930 1700 fuerunt
1961 1629 2327 1714 machinae,
2372 1640 2439 1701 et.
2465 1629 2632 1701 Cato

528 1751 619 1823 de
672 1754 938 1824 torculo
988 1754 1290 1846 quodam
1347 1756 1680 1849 permulta
1738 1765 1803 1825 et
1853 1754 2152 1827 obscura
2195 1755 2404 1826 verba
2443 1756 2625 1840 fecit,

529 1897 690 1968 quae
723 1886 946 1948 tamen
983 1900 1021 1949 a
1056 1878 1281 1966 nobiS‚
1307 1880 1437 1951 nisi
1472 1903 1600 1952 nos
1634 1880 1819 1951 fatiat
1859 1900 2041 1951 vana
2072 1901 2255 1974 speS‚
2291 1879 2631 1950 intellecta

532 2000 744 2073 fuisse
801 2003 1172 2078 eredimus.
1226 2006 1502 2078 Catonis
1563 2006 1747 2078 enim
1794 2007 2064 2078 torento
2112 2005 2319 2077 fuisse
2356 2005 2633 2078 videtur

525 2125 676 2202 haec
714 2128 928 2201 forma
965 2159 982 2199 ε

2648 2909 2718 3170 numo-eol
2663 2797 2700 2885 xes
2663 2722 2715 2772 ρ
2661 2524 2718 2700 vans

621 3465 835 3557 CuJ'us
884 3467 1221 3539 machinae
1268 3489 1428 3562 pars
1479 3470 1831 3564 praecipua
1879 3469 2139 3560 tignum
2185 3480 2335 3539 erat
2383 3467 2631 3559 ingens

523 3598 593 3662 et
627 3611 928 3662 crassum
964 3592 1158 3685 quod
1203 3594 1463 3687 prelum
1505 3594 1917 3684 vocabatur3
1964 3593 2072 3663 hic
2107 3604 2300 3664 erant
2341 3592 2630 3662 arbores

524 3714 714 3804 duae,
769 3716 905 3788 mic
936 3717 1201 3810 stipites
1221 3746 1247 3806 3·
1281 3717 1458 3788 inter
1495 3717 1777 3789 arbores
1806 3716 1979 3813 preli
2012 3717 2243 3808 ligula,
2272 3737 2359 3788 ne
2395 3736 2630 3786 move·

526 3851 741 3927 retur,
779 3841 1029 3912 strictis
1064 3840 1363 3913 vinculis
1390 3842 1830 3935 religabatur,
1865 3852 1972 3914 ast
1999 3864 2039 3912 e
2076 3844 2422 3913 contrario
2473 3864 2629 3936 pre·

526 3964 664 4033 ium
705 3963 882 4034 inter
921 3964 1186 4058 stipites
1224 3968 1491 4039 moveri
1523 3977 1787 4062 poterat
1823 3968 2219 4062 impositum
2259 3967 2327 4038 in
2363 3969 2632 4053 sucula,

610 4140 693 4217 (1)
724 4138 995 4214 Colum„
1025 4141 1153 4215 XII,
1183 4143 1282 4217 39,
1310 4146 1373 4204 3.

604 4245 692 4326 (2)
720 4245 989 4324 Colum„
1020 4247 1147 4321 XII,
1180 4251 1284 4325 52,
1312 4252 1410 4312 10.
