2975 5159
1092 401 1616 540 -ae-'

274 609 486 687 'crobe
542 607 999 690 neeessarium
1059 617 1390 694 distantes
1435 619 1614 690 inter
1663 639 1813 691 sese
1878 607 2332 716 arboremque

239 740 531 835 singulis
558 743 871 837 pedibus.
911 773 948 809 »
982 744 1195 816 Ulmis
1236 754 1466 818 autem
1499 757 1635 816 non
1680 745 1753 814 in
1799 744 2124 816 omnibus
2165 746 2332 819 loeis

234 859 475 940 eadem
516 868 861 964 positione
894 868 1412 963 applicabantur
1449 868 1712 942 semina
1760 890 1777 935 ε
1831 889 1990 962 quae
2045 855 2230 942 locis·
2258 868 2331 939 iti

236 991 664 1083 praefervidis
706 994 800 1066 ad
850 994 1452 1088 septentrionalem
1502 1004 1762 1089 partem
1809 995 2130 1066 vertebat·
2164 979 2335 1072 vin-i:

238 1126 363 1204 tor,
397 1117 470 1188 in
502 1118 766 1210 frigidis
798 1119 888 1192 ad
926 1119 1328 1207 meridiem,
1347 1119 1422 1190 in
1455 1118 1849 1215 temperatis
1876 1120 1968 1191 ad
1997 1120 2329 1192 orientem

235 1242 372 1314 aud
504 1243 972 1335 occidentem,
1006 1267 1090 1317 ue
1125 1267 1250 1340 per
1275 1256 1499 1317 totum
1530 1244 1712 1316 diem
1738 1245 1851 1317 vel
1877 1244 2189 1317 umbram
2217 1244 2329 1317 vel

235 1366 457 1439 radios
483 1378 849 1462 pateretur.

322 1490 495 1564 Vitis
532 1491 641 1565 'sic
684 1495 1074 1567 constitutae
1109 1496 1245 1567 ima
1283 1496 1587 1568 tabulata
1612 1488 1911 1570 materiis
1941 1489 2330 1590 frequenta-

234 1615 397 1688 bant
418 1617 754 1712 plerique,
793 1620 977 1691 facili
1002 1623 1291 1694 culturae
1321 1632 1389 1691 et
1420 1621 1670 1715 amplis
1695 1621 2030 1694 fructibus
2056 1618 2330 1693 staden-²

235 1752 331 1813 tes
371 1765 389 1809 ε
435 1744 560 1816 sed
591 1744 778 1816 illam
811 1741 900 1815 ad
946 1765 1277 1820 cacumen
1339 1745 1606 1818 arboris
1661 1737 2164 1840 promovebant
2205 1746 2336 1838 qui

230 1865 609 1941 bonitatem
635 1869 780 1942 vini
807 1870 1028 1963 magis
1051 1891 1258 1964 quam
1293 1870 1796 1943 abundantiam
1827 1871 2324 1964 sequebantur,

233 1991 407 2067 e't'id
438 1997 745 2088 agebant
785 1997 880 2069 ita
923 1990 1001 2068 ut
1041 1997 1462 2092 plenioribus
1493 1998 1704 2072 ramis
1748 1989 1974 2091 plures
2017 1999 2331 2093 palmites

233 2118 429 2192 alium
467 2121 567 2193 ab
592 2122 727 2192 alio
764 2117 1116 2217 separatos
1143 2122 1598 2217 imponerent.
1636 2122 1868 2213 Atque
1910 2121 2150 2213 etiam,‘
2185 2139 2330 2214 quo

233 2245 441 2337 magis
480 2248 1069 2339 conjungerentur
1096 2241 1271 2319 vites
1300 2258 1368 2319 et
1403 2246 1591 2333 ulmi,
1615 2246 1833 2318 tribus
1873 2247 2164 2318 vinculis
2190 2241 2328 2319 una

235 2371 694 2463 religabantur
714 2399 739 2443 ε
773 2368 1065 2467 primum
1099 2373 1171 2443 in
1205 2387 1403 2446 erut-e
1447 2372 1715 2445 arboris
1739 2394 1782 2443 a
1812 2382 1991 2445 terra
2030 2364 2332 2465 qnatuor?

235 2496 520 2587 pedibus
583 2497 921 2579 distabat3
994 2498 1281 2572 alterum
1329 2497 1627 2569 mediam
1674 2497 1880 2569 vitem
1917 2491 2331 2593 complente*

231 2617 467 2713 batur3
535 2624 812 2694 tertium
844 2621 1248 2716 'supremam
1304 2632 1560 2716 partem
1610 2622 1958 2716 capiebat3
1998 2633 2067 2696 et-
2111 2629 2322 2716 'quum

229 2746 375 2820 vitis
410 2748 807 2842 praevalens
847 2748 919 2818 in
969 2747 1317 2819 luxuriam
1348 2744 1785 2840 evagaretur,'
1842 2757 2160 2840 quartum
2204 2749 2329 2820 im·-

230 2873 524 2964 ponebat
565 2873 777 2945 imum
811 2873 1144 2966 alligator&
1181 2895 1322 2967 quo
1358 2873 1605 2946 nimias
1636 2872 2036 2956 illiusvires
2070 2872 2325 2944 adime·

228 3007 344 3069 ret.
389 2999 531 3072 Sed
571 2999 698 3070 ista
726 3001 965 3072 omnia
1011 3000 1289 3072 vincula
1320 2996 1605 3092 qnoque
1637 3018 1828 3068 anno
1862 2997 2178 3089 alligator
2218 3019 2331 3070 rea

230 3121 557 3211 mittebat,
606 3129 998 3218 omnesque·
1037 3125 1292 3207 vineae,
1353 3124 1576 3195 veluti.
1615 3124 1878 3215 jugatas
1936 3122 2021 3193 de
2071 3119 2328 3216 quibus

224 3268 427 3341 supra
454 3248 791 3337 diximus,
840 3271 967 3343 per
1005 3248 1285 3341 aliquod
1334 3253 1609 3343 tempus
1642 3247 2162 3320 resolvebantur
2206 3245 2327 3335 ne,'

226 3392 492 3469 semper
523 3374 768 3448 eodem
794 3376 953 3446 loeo
981 3374 1310 3466 alligatae'‚
1363 3373 1648 3444 nimium
1685 3371 2120 3445 laederentur.

242 3529 245 3532 “
316 3500 416 3572 De
453 3501 668 3572 altero
710 3522 962 3592 genere
1000 3500 1292 3583 arbusti,
1343 3499 1535 3592 quod
1576 3508 1783 3572 vocat
1826 3497 2338 3592 rumpotinum,.

228 3624 437 3700 verba
468 3623 644 3696 >facit
677 3623 1071 3698 Columella.
1111 3653 1146 3688 α
1183 3624 1391 3710 Vitem
1440 3622 1666 3718 inquit
1709 3622 1850 3710 ille,‘
1889 3621 2116 3714 longis
2141 3623 2325 3693 soro-

226 3744 425 3821 bibus
456 3747 935 3843 deponantum
986 3758 1196 3844 atque
1256 3749 1367 3820 in
1385 3770 1628 3820 ramos
1662 3747 2128 3836 diducuntur,
2135 3768 2328 3820 novr

228 3874 540 3945 traduces
576 3874 893 3946 omnibus
918 3874 1116 3946 annis
1145 3874 1324 3946 inter
1351 3896 1424 3946 se
1452 3894 1545 3944 ex
1583 3872 1947 3945 arboribus
1986 3872 2321 3966 proximis

229 4006 737 4085 connectantur,
793 4006 863 4069 et
897 4009 1166 4068 veteres
1203 3997 1627 4068 decidantur.
1643 3996 1750 4090 Si
1775 3995 2066 4088 tradux
2093 3961 2322 4066 tradu-

231 4139 374 4190 cem
420 4143 553 4194 non
606 4122 979 4214 contingit,
1040 4121 1263 4193 media
1319 4122 1519 4213 virga
1567 4120 1744 4192 inter
1789 4141 1906 4194 eas
1956 4120 2315 4213 deligetur.

233 4244 395 4317 Cum
446 4247 1005 4322 deiude-fruetus
1043 4245 1350 4342 pondere
1385 4248 1688 4339 urgebit,
1735 4246 2057 4338 subjectis
2110 4244 2318 4317 admi·
