2975 5159
1090 487 1467 561 -93-

226 648 352 725 tes,
395 638 567 731 quid
609 639 906 732 quisque
966 641 1368 735 postularet.
1423 641 1653 725 Quum
1698 649 1927 714 autem
1969 643 2315 737 pincernae

224 763 609 835 afferebant
645 749 915 858 pocula,
959 765 1264 836 coronati
1309 775 1561 837 etcum
1605 765 1884 840 tibicine
1923 768 2176 863 pariter
2201 789 2316 841 co·

225 899 469 961 renato
511 890 822 961 solebant
862 889 1205 977 incedere,
1256 890 1712 987 convivisque
1753 914 2046 965 coronas
2092 893 2257 967 dare
2296 891 2314 965 ὲ

221 1029 430 1107 quem
477 1036 734 1085 morem
778 1016 963 1111 apud
1009 1013 1358 1088 Romanos
1406 1017 1615 1089 fuisse
1644 1018 1846 1090 nobis
1889 1019 2316 1091 nuncetiam

223 1140 573 1212 declarant
602 1151 1050 1215 monumenta
1092 1143 1416 1234 quaedam
1449 1149 1672 1237 'usque
1699 1139 1789 1216 ad
1829 1141 2009 1216 hanc
2036 1153 2316 1217 aetatem

219 1276 520 1337 servata.

315 1387 567 1460 Omnia
598 1390 878 1481 quidem
922 1392 1162 1483 pocula
1196 1387 1431 1486 primis
1469 1393 1544 1464 in‘
1588 1393 2010 1489 temporibus
2052 1407 2318 1480 terrena

216 1515 519 1604 fuerant,
566 1516 1002 1607 neque‘vasis
1034 1518 1263 1588 aureis
1286 1501 1662 1589 ¹utebantur
1700 1539 1896 1611 reges
1929 1543 1945 1587 ε

463 1693 698 1756 Lautus
719 1696 851 1754 erat
876 1690 1091 1755 Tuscis
1113 1694 1385 1756 Porsena
1411 1692 1734 1772 fictilibus,

211 1856 723 1944 ait-Martialis,
758 1867 966 1950 atque
998 1857 1162 1932 item
1191 1856 1584 1932 Ausonius:
1667 1897 1676 1904 -

464 2036 656 2097 Fama
682 2038 778 2097 est
805 2030 1089 2097 fictilibus
1115 2049 1387 2097 coenasse
1415 2031 1797 2115 Agathoclea
1825 2049 2056 2115 regem,
2085 2121 2088 2126 .

547 2143 752 2221 Atque
776 2140 1044 2203 abacum
1064 2138 1273 2202 Samio
1305 2155 1479 2219 saepe
1508 2149 1799 2202 onerasse
1819 2140 1974 2204 luto.

218 2301 221 2310 '
312 2309 459 2386 Sed
514 2311 766 2386 deinde
811 2299 1107 2385 fuerunt'
1151 2311 1558 2409 poculorum
1616 2335 1870 2404 genera
1918 2318 2156 2403 multa,
2201 2340 2326 2392 seu

206 2438 476 2530 lignea,
527 2459 649 2509 seu
697 2439 916 2511 vitrea
963 2435 1111 2536 (1),
1159 2461 1252 2511 ex
1289 2452 1577 2532 argento
1621 2435 1726 2511 vel
1768 2460 1983 2529 auro,
2035 2443 2328 2534 gemmis

203 2565 423 2637 etiam
464 2574 706 2635 ornata
740 2591 759 2634 t
792 2585 952 2658 quae
987 2561 1218 2636 omnia
1265 2567 1522 2658 magno
1552 2561 1843 2636 artificio
1884 2566 2333 2642 elaboraban-

202 2699 353 2780 ων,
405 2688 642 2784 qualia
694 2687 1063 2782 Virgilius,
1123 2705 1523 2786 quanquam
1579 2691 1906 2786 pastorali
1967 2693 2325 2776 cantione,

198 2809 592 2909 magnifice
621 2809 976 2909 descripsit
1018 2841 1036 2884 ε
1685 2801 1690 2806 ’
1995 2799 2001 2804 ’

325 2995 412 3056 Et
436 2990 636 3054 ‹nobis
657 2990 821 3054 idem
847 2990 1210 3055 Alcimedon
1239 2992 1367 3056 duo
1391 2991 1622 3073 pocula
1650 2991 1846 3080 fecit,-

326 3104 412 3165 Et
442 3099 626 3164 molli
654 3100 889 3166 circum
923 3107 1018 3163 est
1040 3118 1218 3163 ansas
1245 3102 1565 3191 amplexus
1593 3102 1882 3188 acanthO,

327 3208 719 3290 Orpheaque
742 3208 807 3271 in
832 3208 1039 3272 medio
1061 3207 1289 3291 posuit,
1326 3209 1641 3291 sylvasque
1670 3214 2002 3292 sequentes
2036 3210 2141 3290 (2).

298 3396 389 3465 In
441 3392 607 3462 haec
652 3392 900 3483 pocula
946 3388 1051 3486 (3)
1102 3390 1451 3485 pincernae
1498 3391 1743 3463 vinum
1798 3372 2255 3464 infundebant
2302 3417 2321 3463 ε

185 3535 267 3597 et
308 3540 475 3613 quo
528 3516 792 3588 facilius
837 3517 969 3589 hoc
1019 3538 1195 3611 opus
1234 3516 1616 3606 efficerent,
1669 3537 1993 3590 mensura
2029 3519 2337 3611 quadam·

188 3646 635 3730 utebantur,
679 3641 790 3711 cui
826 3657 1081 3713 nomen
1110 3652 1260 3712 erat
1295 3642 1603 3737 cyathus.
1641 3643 1844 3729 Nam,
1885 3644 2064 3714 sicut
2104 3643 2334 3715 unciae

288 3849 344 3933 (1
353 3850 380 3928 )
419 3848 517 3908 De
541 3842 744 3906 vitreis
768 3843 1011 3924 poculis
1034 3844 1174 3907 vide
1197 3844 1487 3923 Plinium,
1521 3847 1633 3910 nh.
1664 3849 1937 3926 xxxw,
1971 3867 2107 3931 cap.
2140 3853 2242 3915 ee.
2323 3823 2333 3834 '

283 3960 378 4037 (ει)
414 3951 597 4030 virg.
628 3951 802 4031 qu„
834 3951 934 4027 111,
965 3953 1067 4014 44.
2189 4011 2194 4018 .
2253 3955 2256 3960 '

281 4066 377 4143 (3)
410 4059 796 4122 Poculorum
825 4059 1083 4122 nomina
1105 4069 1248 4123 sunt
1273 4061 1598 4125 innumera
1626 4055 1913 4139 :calicem
1955 4066 2197 4146 phialin,
2232 4046 2336 4149 pass

181 4181 387 4247 terae,
428 4165 1115 4244 canthari,.·carchesia,
1158 4167 1426 4243 ciboria,
1467 4169 1719 4251 scyphi,
1753 4159 2020 4253 cymbia,
2053 4172 2329 4253 scaphia,

181 4274 504 4350 batiolae,
538 4271 772 4350 cululli,
806 4274 1161 4353 amystides,
1196 4280 1318 4338 etc.
1420 4319 1427 4330 .
