2975 5159
1113 486 1506 554 ...37-

250 646 473 724 verat,
524 656 661 710 non
708 647 846 706 tam
877 634 1184 712 celeriter
1223 635 1548 708 radiculae
1592 633 2072 722 nascebamur,
2111 647 2179 705 et
2208 636 2346 707 fere

250 762 556 840 triennio
581 760 919 833 vinitores
937 760 1068 833 hoc
1095 782 1271 855 opus
1297 757 1861 832 intermittebant.

350 885 812 958 Fodiebantur
850 908 1016 961 vero
1051 887 1284 962 vineta
1308 938 1325 971 ,
1356 885 1640 977 singulis
1674 885 1871 956 annis
1908 893 1975 956 et
2014 906 2343 982 persaepe3

254 1010 519 1083 crebris
574 1010 757 1081 enim
818 1008 1230 1082 fossionibus
1280 1018 1348 1079 et
1404 993 1993 1104 pulverationibus
2056 1010 2351 1081 fructum

170 1229 173 1230 ᾗ
246 1136 640 1208 uberiorem
666 1134 812 1207 fieri
846 1134 1222 1207 credebant
1252 1134 1570 1206 Romani.
1613 1134 1924 1206 Praeclari
1957 1143 2117 1205 aute
2156 1133 2357 1210 ,Colu-

250 1263 524 1334 mellam
567 1260 972 1333 rusticarum
1016 1280 1247 1332 rerum
1290 1260 1592 1352 magistri
1633 1270 1769 1333 tres
1811 1260 2109 1331 fossuras
2136 1260 2357 1351 jusse-

250 1402 457 1458 runt:
515 1415 551 1450 c<
596 1387 828 1458 Potest
889 1384 1155 1470 videri,
1202 1384 1299 1458 ait
1338 1384 1729 1474 Graecinus,
1783 1385 1952 1457 satis
1998 1405 2148 1458 esse
2190 1405 2356 1458 con·

252 1512 564 1584 stitutam
614 1511 889 1581 vineam
945 1521 1044 1581 ter
1108 1510 1401 1599 fodere;
1464 1520 1502 1573 '³³
1569 1519 1636 1580 et
1672 1510 1907 1581 Celsus
1961 1531 2240 1606 quoque
2291 1520 2361 1581 et

250 1640 524 1713 Atticus
558 1647 1052 1711 consenserunt
1082 1646 1220 1710 tres
1255 1657 1405 1707 esse
1440 1649 1667 1709 motus
1693 1635 1765 1705 in
1792 1634 1931 1706 vite
1960 1635 2304 1706 naturales
2335 1661 2350 1704 :

251 1788 518 1853 uuum,
578 1785 716 1857 quo
751 1762 1125 1855 germinet3
1170 1761 1500 1852 alterum,
1539 1782 1680 1853 quo
1726 1759 2006 1850 floreat;
2051 1760 2353 1847 tertium,

253 1914 400 1985 quo
455 1898 896 1978 maturescat3
956 1898 1164 1980 atque
1220 1886 1350 1956 hos
1399 1896 1623 1957 motus
1674 1885 2087 1958 fossionibus
2132 1887 2360 1959 conci-

256 2015 504 2092 tandos
559 2036 745 2101 esse,
820 2012 985 2106 quia
1041 2021 1289 2114 natura
1321 2011 1516 2105 quod
1558 2010 1706 2082 vult
1736 1991 1894 2082 'non
1950 2012 2117 2083 satis
2156 2012 2365 2084 efficit

259 2139 395 2210 nisi
440 2159 594 2210 eam
634 2137 866 2208 labore
908 2155 1065 2207 cum
1113 2134 1338 2204 studio
1358 2132 1772 2225 Juverimus.
1820 2134 1955 2206 Sed
1982 2134 2362 2208 crebriores

257 2266 468 2335 etiam
523 2263 827 2356 fossuras
874 2258 1022 2331 fieri
1072 2260 1437 2330 voluerunt
1492 2237 1629 2345 alii,
1693 2268 1759 2329 et
1810 2257 2090 2350 quidam
2127 2269 2364 2332 aestate

261 2399 406 2459 tota
470 2395 619 2481 post
680 2385 989 2474 singulos
1056 2404 1250 2455 rores
1312 2375 1585 2454 confodi
1640 2384 2014 2475 jusserunt
2052 2384 2355 2455 vineam.

260 2513 453 2598 Quos
497 2531 638 2581 non
677 2509 959 2582 omnino
993 2508 1274 2581 damnat
1310 2508 1723 2600 Columella:
1760 2530 1918 2584 nam
1951 2508 2361 2581 creberrime

266 2636 455 2707 illam
539 2632 822 2705 confodi
889 2630 1183 2728 patitur,
1271 2632 1394 2702 sed
1457 2653 1539 2703 ea
1609 2633 2004 2705 conditione
2057 2642 2361 2720 tantum,

269 2782 355 2832 ne
408 2758 652 2854 palmis
728 2755 1138 2828 incientibus
1193 2758 1972 2851 progemmantibusque
2026 2760 2241 2830 fossor
2293 2762 2360 2830 in

264 2907 514 2976 agrum
564 2882 907 2953 immissus
950 2904 1269 2974 magnam
1319 2893 1577 2985 partem
1623 2882 2000 2955 vindemiae
2039 2885 2362 2956 decutiat.
2405 2861 2408 2866 ⁶

274 3009 417 3079 Nec
458 3007 769 3078 dissentit
824 3006 1142 3099 Virgilius
1184 3006 1304 3104 qui
1357 3016 1459 3079 ter
1513 3018 1580 3079 et
1625 3020 1870 3102 quater
1918 3020 1986 3080 et
2027 3019 2361 3081 aeternum

278 3135 679 3207 fodiendum
721 3155 871 3206 esse
906 3134 1280 3229 praedicat:
1547 3105 1552 3118 ⁵

316 3330 426 3390 Est
453 3326 634 3389 etiam
661 3325 764 3389 ille
790 3325 963 3390 labor
990 3324 1278 3390 curandis
1306 3323 1534 3390 vitibus
1557 3328 1736 3404 ulter,

319 3434 431 3500 Cui
460 3451 780 3516 nunquam
810 3432 1084 3496 exhausti
1109 3434 1248 3496 satis
1279 3439 1414 3498 est:
1453 3451 1721 3516 namque
1748 3451 1938 3497 omne
1959 3434 2284 3515 quotannis

320 3543 567 3622 Terque
590 3545 929 3622 quaterque
956 3540 1154 3602 solum
1179 3538 1610 3617 scindendum,
1643 3539 1943 3621 glebaque
1969 3540 2157 3603 versis

320 3651 647 3712 AEternum
677 3646 1014 3727 frangenda
1039 3645 1466 3710 bidentibus..
1502 3644 1583 3730 (1)

283 3831 599 3925 Denique
655 3829 908 3908 Plinius
962 3829 1046 3901 de
1101 3826 1229 3898 hac
1289 3830 1669 3921 quaestione
1731 3828 2171 3904 vehementer
2218 3855 2374 3910 am·-

285 3957 430 4047 bigi
489 3957 776 4041 fatetur,
837 3964 906 4025 et
963 3952 1330 4025 multorum
1379 3954 1740 4047 opiniones
1821 3976 2215 4029 memorans
2278 3962 2370 4032 nil

289 4085 437 4177 ipse
495 4080 823 4174 praecipit.
877 4078 1135 4161 Quibus
1170 4086 1396 4149 tamen
1443 4100 1527 4149 ex
1573 4078 1777 4151 variis
1828 4082 2276 4174 opinionibus
2307 4100 2373 4157 et

376 4266 454 4351 (l)
491 4269 540 4328 V
547 4267 660 4348 irg.
699 4266 942 4345 Georq„
979 4268 1046 4342 11,
1074 4267 1357 4330 396-398.
