2975 5159
1146 439 1540 509 ...(53.-

301 583 449 674 ejus
497 582 974 656 infuscaretur.
1019 614 1051 650 »
1097 586 1171 657 ld
1214 588 1397 659 enim
1448 586 2089 682 praestantissimum
2136 596 2278 675 est,
2313 587 2410 659 ait

301 708 711 797 Columella,
754 710 942 803 quod
989 721 1232 805 suapte
1279 722 1526 785 natura
1581 711 1853 807 placere
1908 711 2157 805 poterit
2189 713 2318 805 (1).
2366 742 2401 778 >2

302 833 440 905 Sed
467 857 679 928 quum
723 845 843 907 aut
890 837 1188 929 regionis
1215 838 1387 910 vitio
1424 848 1544 910 aut
1581 837 1940 909 vinearum
1975 837 2284 909 novitate
2317 838 2410 909 la-

302 957 578 1030 boraret
620 968 921 1031 mustum
949 1014 970 1048 ,
1015 958 1181 1031 vitia
1228 961 1785 1054 corrigebantur,
1821 974 1890 1034 et
1923 963 2112 1057 apud
2151 972 2409 1038 veteres

303 1085 500 1178 plura
556 1085 928 1156 condiendi
975 1106 1234 1178 genera
1266 1086 1614 1159 videmus.
1648 1087 1917 1162 Etenim
1981 1089 2194 1160 multa
2223 1090 2404 1179 jam·-

304 1209 567 1281 dudum
607 1210 1012 1282 invenerant
1048 1211 1299 1300 Graeci,
1351 1212 1682 1306 quoniam
1725 1212 2023 1300 Plinius,
2077 1234 2292 1306 quum
2333 1213 2407 1286 fin

301 1331 482 1405 hanc
552 1336 1008 1429 quaestionem
1076 1337 1482 1430 ingreditur,
1548 1338 1682 1411 hoo
1743 1337 2072 1410 orationis
2136 1338 2406 1410 initium

302 1460 462 1531 facit
498 1483 513 1526 :
557 1489 591 1525 ει
626 1462 884 1534 Verum
922 1473 994 1534 et
1030 1462 1117 1536 de
1155 1473 1487 1559 apparatu
1524 1464 1669 1536 vini
1700 1464 1964 1537 dixisse
2005 1465 2399 1556 conveniat,

300 1608 518 1679 quum
552 1586 776 1659 Graeci
811 1587 1133 1682 privatim
1170 1611 1254 1662 ea
1289 1601 1637 1684 praecepta
1671 1589 2127 1677 condiderint,
2156 1601 2408 1663 artem-

298 1732 437 1803 que
493 1712 805 1801 fecerint,
859 1713 1040 1786 sicut
1081 1714 1564 1809 EuphroniuS,
1624 1726 1692 1788 et
1738 1714 2273 1805 Aristomachum,
2337 1727 2407 1790 et

299 1837 726 1909 Commiades
754 1848 823 1911 et
859 1839 1170 1914 Hicesius
1213 1838 1347 1935 (2).
1394 1871 1429 1905 n
1479 1840 1704 1926 Quam
1741 1840 1948 1933 igitur
1983 1852 2198 1915 artem
2261 1864 2402 1914 non

298 1961 796 2055 ignoraverunt
849 1964 1180 2050 Romani,
1232 1980 1302 2038 et
1354 1967 1611 2058 quibus
1659 1965 2042 2070 condituris·
2087 1970 2184 2040 uti
2229 1968 2401 2041 sole·

296 2102 473 2182 rent,
518 2092 664 2182 jam
694 2112 822 2164 nos
846 2091 1185 2185 subjicere
1228 2092 1586 2166 debemus,

1281 2306 1394 2380 v11
1406 2363 1420 2378 .

680 2463 752 2532 V
744 2460 884 2530 inis
933 2462 1149 2531 coccis
1201 2456 1661 2532 condiebatur
1709 2476 2036 2531 mustum.
2089 2529 2094 2534 .

393 2640 507 2712 Ex
541 2639 691 2735 ipso
742 2650 964 2712 musto
1003 2638 1264 2710 fiebant
1311 2638 1770 2711 medicamina
1808 2616 2122 2733 quaedam
2156 2639 2399 2710 coctis-

293 2786 432 2858 que
487 2765 663 2836 vinis
710 2764 850 2837 vini
903 2764 1068 2836 vitia
1131 2784 1440 2858 persaepe
1493 2765 2031 2856 corrigebantur.
2090 2766 2398 2849 Quorum

293 2902 525 2963 autem
570 2862 773 2962 'erant
825 2891 955 2962 tria
989 2910 1282 2981 genera,
1332 2910 1605 2983 passum
1633 2945 1651 2979 ‚
1697 2886 2039 2961 defrutum
2089 2901 2156 2961 et
2202 2911 2392 2984 sapa,

296 3039 461 3109 quae
498 3017 609 3087 vel
645 3016 790 3087 sole
837 3016 948 3089 vel
983 3015 1145 3107 igne
1184 3014 1471 3086 decocta
1513 3026 1648 3085 tres
1691 3013 2044 3086 habebant
2080 3015 2399 3088 differen-

294 3143 424 3213 tias
451 3164 532 3213 ac
569 3141 851 3233 gradus.
882 3141 1167 3222 Passum
1194 3140 1378 3213 enim
1409 3140 1552 3211 sole
1573 3135 2120 3233 decoquebatur,
2160 3162 2397 3211 suum·

293 3289 432 3361 que
480 3289 730 3339 nomen
791 3267 1128 3357 habebat,
1175 3266 1339 3358 quia
1397 3268 1617 3360 passis
1654 3287 1745 3337 ex
1784 3268 1941 3337 uvis
2003 3267 2091 3338 de
2142 3266 2397 3361 quibus

291 3413 503 3488 supra
541 3392 798 3464 dictum
837 3403 939 3464 est
981 3391 1376 3464 trahebatur
1424 3417 1442 3462 ε
1497 3392 1621 3464 sed
1666 3392 2015 3464 defrutum
2051 3391 2232 3483 ignis
2287 3394 2395 3464 sa-

280 3518 534 3605 ciebat,
571 3525 802 3588 musto
841 3517 925 3588 ad
971 3515 1330 3592 dimidiam
1371 3526 1638 3611 partem
1683 3517 1971 3590 decocto
1996 3569 2014 3605 ,
2062 3528 2129 3588 et
2177 3517 2395 3611 magis

277 3664 547 3738 sapam,
589 3651 784 3714 cocto
812 3654 1040 3713 musto
1070 3643 1295 3715 donec
1332 3642 1527 3714 tertia
1564 3639 1705 3737 (vel
1744 3642 2090 3714 nonnullis
2118 3642 2392 3737 quarta)

272 3791 440 3864 pars
478 3780 870 3863 superesset
911 3767 1041 3863 (3).

360 3917 441 4001 (1)
476 3917 741 3994 Colum„
775 3918 904 3993 ΧΠ,
941 3920 1042 3982 19.

355 4027 434 4103 (2)
468 4024 654 4100 Plin.,
693 4025 853 4102 XIV,
887 4026 983 4086 19.

354 4132 438 4213 (3)
471 4153 497 4188 α
529 4132 682 4193 Nam
711 4131 983 4205 siraeum,
1017 4128 1189 4210 quod
1217 4126 1320 4189 alii
1353 4125 1677 4210 hepsema,
1711 4128 1904 4191 nostri
1932 4139 2147 4210 sapam
2171 4130 2388 4212 appel-

268 4245 424 4321 lant,
455 4237 708 4319 ingenii,
760 4255 885 4302 non
917 4243 1152 4301 naturae
1184 4254 1343 4316 opus
1373 4242 1493 4316 est,
1546 4241 1750 4299 musto
1787 4254 1989 4318 usque
2034 4236 2113 4300 ad
2147 4237 2389 4301 tertiam
