2975 5159
582 819 862 913 Quibus
900 817 1128 892 modas
1171 821 1426 894 vehens
1461 835 1768 892 sermm
1807 820 2146 892 Romani.-

878 951 986 1016 De
1011 947 1416 1018 sammarth}
1446 961 1515 1017 et
1551 945 1892 1016 vitem-isle.

435 1127 654 1211 Quam
683 1126 993 1197 colendae
1014 1125 1173 1197 vitis
1198 1126 1532 1198 rationem
1565 1124 1783 1198 secuti
1823 1124 2077 1196 fuerint
2110 1121 2429 1211 Romani,

339 1262 550 1322 totam
605 1250 937 1322 hactenus
1003 1271 1350 1344 exponere
1407 1251 1798 1335 voluimus;
1848 1248 1971 1320 sed
2024 1268 2163 1319 non
2213 1249 2434 1318 solum

339 1373 649 1448 colendae
703 1383 864 1446 sunt
921 1375 1094 1446 vites
1146 1397 1320 1469 quas
1389 1374 1599 1446 habet
1661 1373 1734 1444 in
1788 1374 2024 1446 vineto
2093 1372 2387 1443 rusticus
2413 1425 2431 1461 ‚

338 1499 571 1574 debet'
609 1502 815 1574 etiam
865 1502 937 1572 in
967 1523 1189 1574 annos
1229 1512 1597 1597 sequentes
1654 1521 1851 1572 curas
1893 1489 2334 1586 extendere,'
2370 1510 2441 1569 et

337 1648 543 1699 novae
577 1648 890 1719 semper,
947 1649 1034 1699 ne
1089 1637 1316 1720 pereat
1369 1627 1677 1698 vinetum
1706 1681 1724 1711 ,
1783 1625 2231 1719 procreandae
2276 1634 2439 1694 sunt

335 1750 588 1823 vineae.
627 1747 772 1822 Iam
813 1749 1024 1843 igitur
1061 1751 1151 1822 de
1174 1750 1287 1823 illa
1325 1773 1399 1821 re
1426 1771 1777 1846 perpauca
1818 1751 2047 1822 dicere
2070 1749 2429 1822 debemus:

336 1896 500 1945 nam
566 1875 862 1946 Romani
916 1877 1223 1948 maximo
1268 1875 1503 1946 labore
1559 1873 1911 1946 et'studio
1967 1873 2303 1947 curabant
2360 1883 2441 1945 nt

337 2019 558 2072 novas
608 2021 698 2072 ex
751 1999 1081 2072 matribus
1135 2001 1522 2087 traherent,
1573 2019 2001 2093 operamque
2051 1999 2312 2072 dabant
2349 2020 2437 2071 ne

339 2122 712 2197 ‘deficerent
750 2125 1027 2196 arbusta
1080 2135 1200 2195 aut
1244 2126 1415 2217 juga
1461 2124 1714 2218 quibus
1755 2121 2288 2217 imponebantur
2329 2119 2437 2195 vi·

340 2259 488 2320 tes:
528 2252 622 2321 ita
661 2250 1074 2321 vinitoribus
1111 2260 1307 2328 erant
1350 2259 1418 2321 et
1464 2248 1830 2321 seminaria
1871 2259 1941 2321 et
1974 2249 2246 2322 vitiaria
2275 2272 2437 2343 quae

337 2375 584 2446 vinetis
631 2398 740 2449 res
781 2397 1019 2447 omnes
1076 2377 1378 2447 maxime
1421 2374 1845 2446 necessarias
1887 2374 2431 2470 suppeditarent.

439 2501 774 2595 Agricolis
807 2500 928 2593 qui
976 2501 1298 2594 frequens
1341 2509 1409 2572 et
1455 2500 1867 2593 dispositum
1915 2500 2269 2571 arbustum
2325 2522 2441 2595 pa-

340 2627 532 2699 ribus
569 2626 806 2721 spatiis
848 2627 1415 2718 fructuosumque
1455 2621 1712 2696 habere
1755 2626 2084 2698 volebant
2129 2626 2437 2724 perutilia

340 2771 509 2822 sane
541 2749 904 2822 seminaria
947 2776 965 2820 x
1011 2750 1260 2843 quibus
1304 2750 1484 2821 enim
1525 2750 1806 2844 paratis,
1861 2750 2178 2822 facillime
2231 2729 2437 2822 cave-2

342 2873 511 2945 bant
586 2895 674 2945 ne
746 2873 1076 2945 emortuis
1138 2863 1530 2956 arboribus
1558 2853 1937 2948 raresceret
2004 2896 2203 2965 ager,
2277 2876 2442 2968 quia

345 2999 641 3094 primam
679 2987 1030 3091 quamque
1064 2999 1259 3071 senio
1300 3007 1421 3070 aut
1458 3009 1862 3093 tempestate
1918 2997 2238 3070 afflictam
2274 3000 2440 3072 sub-

344 3145 630 3202 movere
707 3134 1022 3218 poterant
1104 3124 1590 3218 novellamque
1676 3122 1983 3198 sobolem
2053 3124 2123 3195 in
2212 3124 2440 3198 vicem

346 3248 787 3321 substituere.
845 3249 1193 3321 Ulmorum
1246 3259 1476 3324 autem
1525 3250 1886 3324 seminaria
1926 3249 2279 3346 praecipue
2308 3271 2436 3344 pa·

349 3374 637 3461 rabant,
700 3384 767 3444 et
806 3373 959 3446 haec
1010 3385 1153 3445 erat
1208 3375 1526 3470 paratio:
1587 3374 1822 3469 pingui
1866 3375 2013 3446 solo
2063 3382 2130 3445 et
2171 3374 2443 3447 modice

349 3498 635 3569 humido
670 3507 924 3570 terram
951 3497 1208 3593 bipalio
1238 3500 1706 3594 pastinabant‚
1741 3519 2094 3594 vernoque
2129 3509 2438 3596 tempore

351 3624 713 3716 diligenter
765 3627 1067 3695 occatam
1123 3635 1190 3695 et
1248 3627 1619 3697 resolutam
1681 3627 1751 3695 in
1810 3647 2006 3696 areas
2062 3647 2440 3721 compone-

340 3798 457 3860 ted
483 3798 574 3878 by*
594 3797 919 3872 sacrifices,
947 3797 1077 3861 that
1103 3799 1185 3860 he
1229 3799 1432 3879 might
1461 3816 1746 3880 preserve
1777 3798 1900 3862 and
1917 3798 2112 3861 foster
2134 3798 2239 3861 the
2267 3798 2437 3879 grain

351 3905 719 3971 committed
759 3912 826 3971 to
861 3906 969 3969 the
1001 3907 1193 3970 earth.
1225 3907 1373 3970 This
1410 3907 1640 3970 second
1684 3906 2062 3974 celebration
2089 3905 2239 3969 took
2269 3908 2443 3986 place

349 4032 435 4077 on
479 4013 582 4076 the
621 4014 756 4076 ides
793 4012 865 4075 of
899 4014 1204 4095 february.
1237 4036 1269 4074 1>
1307 4016 1536 4079 Works
1579 4015 1652 4078 of
1694 4016 1969 4091 Horace,
2013 4012 2166 4078 with
2201 4013 2442 4098 english

352 4128 553 4196 noteS‚
612 4120 846 4186 critical
895 4122 1016 4184 and
1053 4106 1468 4203 explanatory,
1514 4122 1663 4185 with
1700 4121 2060 4184 excursions
2105 4120 2352 4185 relative
2380 4127 2445 4185 to

352 4228 459 4291 the
487 4230 682 4291 wines
705 4228 829 4291 and
851 4229 1173 4311 vineyards
1198 4231 1266 4292 ot*
1284 4230 1389 4292 the
1416 4229 1717 4292 ancientS.
1746 4230 1897 4291 New
1919 4227 2110 4306 York,
2141 4232 2321 4292 1858.
