2975 5159
1432 444 1817 514 ...62-

570 598 899 672 vectiario
946 596 1245 692 spatium
1296 594 1739 690 expeditum3
1773 592 2064 665 latitudo
2111 592 2257 682 ejus
2304 611 2392 661 ne
2447 588 2671 662 minus

570 724 822 819 pedum
866 744 1110 795 senum
1149 721 1453 793 denum:
1492 741 1652 792 nam
1697 718 1796 791 sic
1848 719 1980 789 erit
2030 716 2120 789 ad
2171 716 2446 810 plenum
2498 734 2674 807 opus

573 848 983 922 facientibus
1045 847 1256 919 libera
1318 844 1620 918 versatio
1687 854 1759 918 et
1818 843 2170 938 expedita.
2244 841 2364 911 Sin
2442 847 2674 910 autem

570 974 841 1047 duobus
890 971 1098 1068 prelis
1143 972 1296 1045 loco
1330 993 1507 1067 opus
1536 969 1741 1042 fuerit
1766 1022 1784 1055 ,
1826 979 2122 1062 quatuor
2162 976 2229 1039 et
2265 964 2509 1058 viginti
2553 986 2674 1057 pe-

575 1098 698 1174 des
728 1097 1072 1172 latitudini
1115 1097 1363 1172 dentur
1401 1095 1531 1192 (1).
1571 1125 1604 1161 n
1647 1096 1733 1168 Et
1769 1094 1923 1166 haec
1956 1089 2252 1166 Vitruvii
2305 1091 2516 1163 verba
2559 1111 2679 1161 no·

574 1224 689 1297 bis
710 1233 875 1296 sunt
896 1232 1308 1317 argumento
1335 1242 1467 1294 nos
1504 1242 1646 1294 non
1692 1217 2057 1307 erravisse,
2087 1217 2204 1311 qui
2244 1217 2389 1290 duo
2419 1237 2680 1307 genera

576 1351 1001 1424 toi-culorum
1039 1348 1227 1444 apud
1262 1349 1657 1434 Romanos,
1696 1358 1764 1418 et
1795 1346 1864 1416 in
1899 1367 2043 1417 uno
2081 1341 2455 1417 torculario
2497 1362 2672 1413 non-

575 1476 798 1548 nullas
826 1494 1142 1571 persaepe
1165 1472 1521 1546 machinas
1554 1471 1830 1544 stetisse
1851 1469 2190 1544 diximus.

1573 1714 1684 1787 Vl.

1246 1896 1352 1961 De
1393 1907 1626 1963 musto
1663 1915 2020 1990 expresso,

624 2171 631 2176 η
680 2071 811 2146 Ubi
850 2082 1154 2144 mustum
1186 2094 1593 2167 expressum
1636 2082 1809 2156 erat,
1844 2083 1963 2144 aut
2004 2071 2155 2143 sine
2192 2092 2382 2146 mora
2422 2070 2687 2143 vende-

583 2196 784 2269 batur
825 2209 945 2272 aut
981 2197 1404 2270 servabatur.
1439 2199 1596 2283 Quo
1623 2197 1890 2270 facilius
1914 2198 2341 2292 emptoribus
2369 2196 2538 2268 illud
2568 2195 2693 2270 ad-

582 2323 941 2397 metiretur
992 2322 1285 2411 vinitor,
1345 2323 1413 2393 in
1460 2324 1832 2396 torculario
1880 2323 2146 2396 labrum
2187 2332 2334 2394 erat
2362 2323 2686 2412 culleare,

583 2449 783 2541 cujus
827 2449 991 2521 Cato
1041 2447 1573 2544 descriptionem
1625 2449 1786 2521 fecit
1827 2471 1844 2516 ε
1889 2478 1922 2515 «
1965 2449 2044 2522 Id
2093 2448 2384 2536 habeat,
2428 2448 2692 2542 inquit,

584 2572 671 2644 ad
728 2595 1072 2650 summum
1116 2594 1321 2644 ansas
1378 2574 1467 2644 IV
1517 2573 1618 2646 uti
1667 2549 2016 2646 transferri
2057 2573 2294 2668 possit.
2346 2572 2424 2644 Id
2475 2569 2689 2643 im'um

588 2698 1010 2792 pertundito.
1071 2698 1172 2768 Ea
1236 2695 1533 2770 fistulam
1573 2698 1855 2771 subdito
1921 2698 2018 2769 uti
2075 2698 2461 2770 obturarier
2511 2708 2698 2769 recte

587 2819 825 2916 possit.
887 2824 975 2894 Et
1019 2822 1111 2896 ad
1148 2844 1533 2910 summum,
1579 2845 1715 2918 qua
1755 2822 1875 2894 fini
1908 2824 2200 2895 culleum
2230 2822 2494 2918 capiet,
2536 2843 2695 2917 per-

589 2946 880 3019 tundito.
936 2947 1021 3019 Id
1076 2947 1148 3018 in
1193 2958 1524 3039 suggestu
1574 2947 1754 3020 inter
1808 2949 1992 3020 dolia
2054 2947 2348 3043 positum
2412 2948 2693 3036 bahem,

586 3072 688 3143 uti
724 3073 791 3143 in
835 3073 1129 3145 culleum
1159 3069 1250 3146 de
1282 3071 1470 3145 dolio
1505 3074 1741 3144 vinum
1774 3073 1976 3147 salire
2007 3076 2242 3168 possit.
2275 3074 2352 3145 Id
2383 3073 2698 3169 impleto,

590 3205 826 3291 postea
864 3197 1188 3269 obturato
1218 3195 1347 3293 (2).
1389 3226 1423 3262 ι)
1475 3197 1612 3271 Sed
1638 3219 1942 3293 persaepe
1984 3220 2125 3270 non
2163 3197 2450 3271 aderant
2487 3199 2704 3293 proti-

588 3342 723 3391 nus
750 3332 1094 3417 emptores
1134 3344 1162 3391 z·
1203 3321 1440 3415 itaque
1475 3343 1616 3393 non
1657 3324 1805 3395 sine
1833 3345 2028 3395 mora
2068 3322 2275 3395 vendi
2313 3323 2551 3395 vinum
2588 3347 2706 3397 so-
2796 3318 2814 3334 ⁸

590 3446 799 3533 lebat,
840 3468 1147 3541 curaque
1187 3446 1583 3519 adhibenda
1632 3457 1780 3520 erat
1820 3458 1899 3519 ut
1942 3439 2352 3543 expressum
2392 3459 2706 3521 mustum

590 3591 814 3664 usque
849 3571 941 3644 ad
978 3571 1448 3645 venditionem
1486 3572 1799 3644 durabile
1829 3572 2048 3646 fieret.

691 3696 967 3791 Optima
1006 3696 1286 3791 quidem
1339 3719 1488 3770 esse
1535 3698 1902 3770 videbatur
1945 3697 2092 3769 vini
2149 3709 2311 3770 nota
2358 3721 2521 3793 quae
2558 3700 2719 3773 sine

594 3820 1039 3893 condimento
1082 3823 1444 3915 perennari
1496 3832 1799 3916 poterat,
1852 3844 1981 3894 nec
2026 3823 2096 3894 in
2139 3823 2269 3895 hoc
2301 3823 2466 3896 vino
2498 3826 2718 3917 quid-

593 3967 802 4040 quam
823 3968 973 4018 esse
989 3948 1547 4042 permiscendum
1575 3949 1952 4021 censebant
1977 3970 2117 4042 quo
2145 3950 2471 4023 naturalis
2499 3972 2723 4049 sapor

682 4123 761 4207 (1)
789 4123 1055 4204 Vitruv„
1075 4125 1178 4203 VI,
1210 4127 1272 4188 6.

681 4231 762 4314 (2)
793 4232 927 4295 Cat.
959 4233 1039 4299 Rs
1079 4234 1181 4311 R„
1208 4232 1404 4297 CLIV.
