<?xml version="1.0" encoding="UTF-8"?>
<!DOCTYPE html PUBLIC "-//W3C//DTD XHTML 1.0 Transitional//EN"
    "http://www.w3.org/TR/xhtml1/DTD/xhtml1-transitional.dtd">
<html xmlns="http://www.w3.org/1999/xhtml" xml:lang="en" lang="en">
 <head>
  <title>
</title>
<meta http-equiv="Content-Type" content="text/html;charset=utf-8" />
  <meta name='ocr-system' content='tesseract 3.04.00' />
  <meta name='ocr-capabilities' content='ocr_page ocr_carea ocr_par ocr_line ocrx_word'/>
</head>
<body>
  <div class='ocr_page' id='page_1' title='image "./devitibusatquev00lamagoog_0081.png"; bbox 0 0 2975 5159; ppageno 0'>
   <div class='ocr_carea' id='block_1_1' title="bbox 270 479 2397 3978">
    <p class='ocr_par' dir='ltr' id='par_1_1' title="bbox 1120 479 1512 549">
     <span class='ocr_line' id='line_1_1' title="bbox 1120 479 1512 549; baseline 0.005 -13"><span class='ocrx_word' id='word_1_1' title='bbox 1120 518 1218 536; x_wconf 80' lang='grc'>...-</span> <span class='ocrx_word' id='word_1_2' title='bbox 1264 479 1360 549; x_wconf 82' lang='grc'>67</span> <span class='ocrx_word' id='word_1_3' title='bbox 1411 517 1512 538; x_wconf 77' lang='lat'>...-</span> 
     </span>
    </p>

    <p class='ocr_par' dir='ltr' id='par_1_2' title="bbox 270 625 2393 3082">
     <span class='ocr_line' id='line_1_2' title="bbox 273 625 2369 721; baseline 0 -25"><span class='ocrx_word' id='word_1_4' title='bbox 273 625 589 698; x_wconf 87' lang='lat' dir='ltr'>solebant</span> <span class='ocrx_word' id='word_1_5' title='bbox 618 626 834 700; x_wconf 89' lang='lat' dir='ltr'>imbui</span> <span class='ocrx_word' id='word_1_6' title='bbox 869 635 938 697; x_wconf 84' lang='lat' dir='ltr'>et</span> <span class='ocrx_word' id='word_1_7' title='bbox 966 627 1143 700; x_wconf 83' lang='lat' dir='ltr'>bene</span> <span class='ocrx_word' id='word_1_8' title='bbox 1172 628 1416 716; x_wconf 81' lang='lat' dir='ltr'>fricari,</span> <span class='ocrx_word' id='word_1_9' title='bbox 1455 641 1616 721; x_wconf 83' lang='lat' dir='ltr'>quae</span> <span class='ocrx_word' id='word_1_10' title='bbox 1654 649 1764 700; x_wconf 82' lang='lat' dir='ltr'>res</span> <span class='ocrx_word' id='word_1_11' title='bbox 1802 648 1945 704; x_wconf 82' lang='lat' dir='ltr'>non</span> <span class='ocrx_word' id='word_1_12' title='bbox 1985 627 2369 721; x_wconf 84' lang='lat' dir='ltr'>patiebatur</span> 
     </span>
     <span class='ocr_line' id='line_1_3' title="bbox 270 750 2369 844; baseline 0 -24"><span class='ocrx_word' id='word_1_13' title='bbox 270 770 511 844; x_wconf 80' lang='lat' dir='ltr'><strong>sapam</strong></span> <span class='ocrx_word' id='word_1_14' title='bbox 555 750 779 822; x_wconf 85' lang='lat' dir='ltr'>aduri.</span> <span class='ocrx_word' id='word_1_15' title='bbox 836 752 1063 835; x_wconf 87' lang='lat' dir='ltr'>Quum</span> <span class='ocrx_word' id='word_1_16' title='bbox 1118 764 1348 824; x_wconf 88' lang='lat' dir='ltr'>autem</span> <span class='ocrx_word' id='word_1_17' title='bbox 1397 762 1700 823; x_wconf 86' lang='lat' dir='ltr'>mustum</span> <span class='ocrx_word' id='word_1_18' title='bbox 1761 752 1901 823; x_wconf 77' lang='lat' dir='ltr'>fere</span> <span class='ocrx_word' id='word_1_19' title='bbox 1948 752 2066 824; x_wconf 80' lang='lat' dir='ltr'>ad·</span> <span class='ocrx_word' id='word_1_20' title='bbox 2105 750 2369 822; x_wconf 76' lang='lat' dir='ltr'>tertiam</span> 
     </span>
     <span class='ocr_line' id='line_1_4' title="bbox 276 873 2373 966; baseline 0 -21"><span class='ocrx_word' id='word_1_21' title='bbox 276 883 539 966; x_wconf 84' lang='lat' dir='ltr'>partem</span> <span class='ocrx_word' id='word_1_22' title='bbox 586 873 943 947; x_wconf 86' lang='lat' dir='ltr'>decoctum</span> <span class='ocrx_word' id='word_1_23' title='bbox 978 886 1200 963; x_wconf 86' lang='lat' dir='ltr'>esset,</span> <span class='ocrx_word' id='word_1_24' title='bbox 1234 889 1543 949; x_wconf 80' lang='lat' dir='ltr'>aromata</span> <span class='ocrx_word' id='word_1_25' title='bbox 1587 876 2098 966; x_wconf 78' lang='lat' dir='ltr'>injiciebantur,</span> <span class='ocrx_word' id='word_1_26' title='bbox 2134 886 2201 947; x_wconf 83' lang='lat' dir='ltr'>et</span> <span class='ocrx_word' id='word_1_27' title='bbox 2245 896 2373 946; x_wconf 84' lang='lat' dir='ltr'>nos</span> 
     </span>
     <span class='ocr_line' id='line_1_5' title="bbox 277 976 2377 1095; baseline 0.001 -27"><span class='ocrx_word' id='word_1_28' title='bbox 277 998 648 1070; x_wconf 80' lang='lat' dir='ltr'>Columella</span> <span class='ocrx_word' id='word_1_29' title='bbox 670 999 902 1072; x_wconf 88' lang='lat' dir='ltr'>docuit</span> <span class='ocrx_word' id='word_1_30' title='bbox 927 1019 1136 1093; x_wconf 86' lang='lat' dir='ltr'>quam</span> <span class='ocrx_word' id='word_1_31' title='bbox 1156 1002 1352 1072; x_wconf 91' lang='lat' dir='ltr'>multi</span> <span class='ocrx_word' id='word_1_32' title='bbox 1371 1001 1621 1075; x_wconf 86' lang='lat' dir='ltr'>odores</span> <span class='ocrx_word' id='word_1_33' title='bbox 1648 1002 1736 1073; x_wconf 88' lang='lat' dir='ltr'>ad</span> <span class='ocrx_word' id='word_1_34' title='bbox 1759 1001 2133 1095; x_wconf 81' lang='lat' dir='ltr'>amphoras</span> <span class='ocrx_word' id='word_1_35' title='bbox 2169 976 2377 1071; x_wconf 79' lang='lat' dir='ltr'>musti</span> 
     </span>
     <span class='ocr_line' id='line_1_6' title="bbox 277 1125 2375 1224; baseline 0.001 -31"><span class='ocrx_word' id='word_1_36' title='bbox 277 1125 653 1218; x_wconf 81' lang='lat' dir='ltr'>nonaginta</span> <span class='ocrx_word' id='word_1_37' title='bbox 695 1127 1056 1219; x_wconf 83' lang='lat' dir='ltr'>adjiciendi</span> <span class='ocrx_word' id='word_1_38' title='bbox 1114 1138 1364 1201; x_wconf 79' lang='lat' dir='ltr'>essent.</span> <span class='ocrx_word' id='word_1_39' title='bbox 1425 1159 1456 1193; x_wconf 73' lang='grc' dir='ltr'><strong>α</strong></span> <span class='ocrx_word' id='word_1_40' title='bbox 1496 1129 1603 1201; x_wconf 89' lang='lat' dir='ltr'>Ad</span> <span class='ocrx_word' id='word_1_41' title='bbox 1652 1128 2051 1224; x_wconf 84' lang='lat' dir='ltr'>praedictum</span> <span class='ocrx_word' id='word_1_42' title='bbox 2095 1127 2375 1199; x_wconf 91' lang='lat' dir='ltr'>modum</span> 
     </span>
     <span class='ocr_line' id='line_1_7' title="bbox 281 1251 2382 1346; baseline 0 -27"><span class='ocrx_word' id='word_1_43' title='bbox 281 1252 523 1336; x_wconf 83' lang='lat' dir='ltr'>musti,</span> <span class='ocrx_word' id='word_1_44' title='bbox 564 1252 683 1341; x_wconf 89' lang='lat' dir='ltr'>ait,</span> <span class='ocrx_word' id='word_1_45' title='bbox 745 1253 942 1345; x_wconf 89' lang='lat' dir='ltr'>adjici</span> <span class='ocrx_word' id='word_1_46' title='bbox 986 1253 1239 1326; x_wconf 85' lang='lat' dir='ltr'>debent</span> <span class='ocrx_word' id='word_1_47' title='bbox 1272 1253 1322 1324; x_wconf 88' lang='lat' dir='ltr'>ii</span> <span class='ocrx_word' id='word_1_48' title='bbox 1358 1254 1633 1346; x_wconf 78' lang='lat' dir='ltr'>odoreS,</span> <span class='ocrx_word' id='word_1_49' title='bbox 1697 1252 1892 1325; x_wconf 86' lang='lat' dir='ltr'>nardi</span> <span class='ocrx_word' id='word_1_50' title='bbox 1947 1252 2226 1338; x_wconf 87' lang='lat' dir='ltr'>folium,</span> <span class='ocrx_word' id='word_1_51' title='bbox 2261 1251 2382 1321; x_wconf 87' lang='lat' dir='ltr'>iris</span> 
     </span>
     <span class='ocr_line' id='line_1_8' title="bbox 278 1376 2376 1474; baseline 0 -27"><span class='ocrx_word' id='word_1_52' title='bbox 278 1376 566 1471; x_wconf 82' lang='lat' dir='ltr'>illyrica,</span> <span class='ocrx_word' id='word_1_53' title='bbox 609 1377 902 1449; x_wconf 82' lang='lat' dir='ltr'>nardum</span> <span class='ocrx_word' id='word_1_54' title='bbox 943 1379 1303 1470; x_wconf 82' lang='lat' dir='ltr'>gallicum,</span> <span class='ocrx_word' id='word_1_55' title='bbox 1352 1391 1660 1462; x_wconf 88' lang='lat' dir='ltr'>costum,</span> <span class='ocrx_word' id='word_1_56' title='bbox 1706 1380 1967 1471; x_wconf 89' lang='lat' dir='ltr'>palma,</span> <span class='ocrx_word' id='word_1_57' title='bbox 2023 1395 2376 1474; x_wconf 77' lang='lat' dir='ltr'>cyperum,</span> 
     </span>
     <span class='ocr_line' id='line_1_9' title="bbox 276 1492 2385 1595; baseline -0.002 -22"><span class='ocrx_word' id='word_1_58' title='bbox 276 1492 683 1585; x_wconf 68' lang='lat' dir='ltr'>sensianum,</span> <span class='ocrx_word' id='word_1_59' title='bbox 738 1503 1032 1595; x_wconf 81' lang='lat' dir='ltr'>quorum</span> <span class='ocrx_word' id='word_1_60' title='bbox 1096 1504 1524 1594; x_wconf 80' lang='lat' dir='ltr'>singulorum</span> <span class='ocrx_word' id='word_1_61' title='bbox 1582 1503 1850 1575; x_wconf 85' lang='lat' dir='ltr'>selibrae</span> <span class='ocrx_word' id='word_1_62' title='bbox 1908 1502 2325 1573; x_wconf 82' lang='lat' dir='ltr'>satisfacient</span> <span class='ocrx_word' id='word_1_63' title='bbox 2370 1525 2385 1568; x_wconf 72' lang='grc' dir='ltr'><strong>ε</strong></span> 
     </span>
     <span class='ocr_line' id='line_1_10' title="bbox 282 1623 2385 1724; baseline 0.001 -28"><span class='ocrx_word' id='word_1_64' title='bbox 282 1625 445 1697; x_wconf 85' lang='lat' dir='ltr'>item</span> <span class='ocrx_word' id='word_1_65' title='bbox 491 1627 786 1720; x_wconf 77' lang='lat' dir='ltr'>myrrhae</span> <span class='ocrx_word' id='word_1_66' title='bbox 817 1627 1212 1721; x_wconf 84' lang='lat' dir='ltr'>quincunx,</span> <span class='ocrx_word' id='word_1_67' title='bbox 1257 1629 1500 1700; x_wconf 81' lang='lat' dir='ltr'>calami</span> <span class='ocrx_word' id='word_1_68' title='bbox 1539 1623 1771 1724; x_wconf 87' lang='lat' dir='ltr'>pondo</span> <span class='ocrx_word' id='word_1_69' title='bbox 1836 1630 2119 1716; x_wconf 90' lang='lat' dir='ltr'>libram,</span> <span class='ocrx_word' id='word_1_70' title='bbox 2179 1626 2385 1699; x_wconf 84' lang='lat' dir='ltr'>casiae</span> 
     </span>
     <span class='ocr_line' id='line_1_11' title="bbox 285 1752 2384 1849; baseline 0 -26"><span class='ocrx_word' id='word_1_71' title='bbox 285 1752 642 1841; x_wconf 80' lang='lat' dir='ltr'>selibram,</span> <span class='ocrx_word' id='word_1_72' title='bbox 700 1755 951 1825; x_wconf 86' lang='lat' dir='ltr'>amomi</span> <span class='ocrx_word' id='word_1_73' title='bbox 1019 1753 1255 1848; x_wconf 86' lang='lat' dir='ltr'>pondo</span> <span class='ocrx_word' id='word_1_74' title='bbox 1312 1755 1711 1849; x_wconf 75' lang='lat' dir='ltr'>quadraria,</span> <span class='ocrx_word' id='word_1_75' title='bbox 1778 1755 1957 1827; x_wconf 92' lang='lat' dir='ltr'>croci</span> <span class='ocrx_word' id='word_1_76' title='bbox 1999 1755 2384 1849; x_wconf 77' lang='lat' dir='ltr'>quincunx‘.</span> 
     </span>
     <span class='ocr_line' id='line_1_12' title="bbox 274 1877 2386 1975; baseline 0 -27"><span class='ocrx_word' id='word_1_77' title='bbox 274 1877 495 1971; x_wconf 68' lang='lat' dir='ltr'>‘ct-ipae</span> <span class='ocrx_word' id='word_1_78' title='bbox 536 1879 1007 1974; x_wconf 82' lang='lat' dir='ltr'>pampinac&#39;eae</span> <span class='ocrx_word' id='word_1_79' title='bbox 1036 1880 1304 1969; x_wconf 89' lang='lat' dir='ltr'>libram,</span> <span class='ocrx_word' id='word_1_80' title='bbox 1349 1883 1584 1953; x_wconf 83' lang='lat' dir='ltr'>crudae</span> <span class='ocrx_word' id='word_1_81' title='bbox 1607 1881 1770 1975; x_wconf 88' lang='lat' dir='ltr'>picis</span> <span class='ocrx_word' id='word_1_82' title='bbox 1802 1903 1929 1953; x_wconf 84' lang='lat' dir='ltr'>sex</span> <span class='ocrx_word' id='word_1_83' title='bbox 1952 1882 2165 1952; x_wconf 89' lang='lat' dir='ltr'>libras</span> <span class='ocrx_word' id='word_1_84' title='bbox 2193 1878 2325 1973; x_wconf 84' lang='lat'>(1).</span> <span class='ocrx_word' id='word_1_85' title='bbox 2352 1908 2386 1943; x_wconf 85' lang='grc'>»</span> 
     </span>
     <span class='ocr_line' id='line_1_13' title="bbox 284 1997 2391 2099; baseline -0.001 -25"><span class='ocrx_word' id='word_1_86' title='bbox 284 2003 452 2075; x_wconf 83' lang='lat' dir='ltr'>Haec</span> <span class='ocrx_word' id='word_1_87' title='bbox 496 2006 724 2076; x_wconf 89' lang='lat' dir='ltr'>omnia</span> <span class='ocrx_word' id='word_1_88' title='bbox 770 2017 1057 2077; x_wconf 91' lang='lat' dir='ltr'>contusa</span> <span class='ocrx_word' id='word_1_89' title='bbox 1104 2016 1171 2077; x_wconf 92' lang='lat' dir='ltr'>et</span> <span class='ocrx_word' id='word_1_90' title='bbox 1222 2006 1513 2078; x_wconf 80' lang='lat' dir='ltr'>cribrata</span> <span class='ocrx_word' id='word_1_91' title='bbox 1571 2007 1898 2099; x_wconf 88' lang='lat' dir='ltr'>paulatim</span> <span class='ocrx_word' id='word_1_92' title='bbox 1953 1997 2391 2099; x_wconf 85' lang='lat' dir='ltr'>inspergebat</span> 
     </span>
     <span class='ocr_line' id='line_1_14' title="bbox 270 2117 2392 2223; baseline 0 -25"><span class='ocrx_word' id='word_1_93' title='bbox 270 2117 562 2217; x_wconf 63' lang='lat' dir='ltr'>*vinitor,</span> <span class='ocrx_word' id='word_1_94' title='bbox 621 2139 688 2200; x_wconf 90' lang='lat' dir='ltr'>et</span> <span class='ocrx_word' id='word_1_95' title='bbox 722 2130 1038 2201; x_wconf 88' lang='lat' dir='ltr'>rutabulo</span> <span class='ocrx_word' id='word_1_96' title='bbox 1080 2129 1327 2223; x_wconf 83' lang='lat' dir='ltr'>lignee,</span> <span class='ocrx_word' id='word_1_97' title='bbox 1378 2153 1460 2202; x_wconf 90' lang='lat' dir='ltr'>ne</span> <span class='ocrx_word' id='word_1_98' title='bbox 1511 2125 1948 2202; x_wconf 82' lang='lat' dir='ltr'>subsiderent</span> <span class='ocrx_word' id='word_1_99' title='bbox 1974 2140 2282 2200; x_wconf 89' lang='lat' dir='ltr'>aromata</span> <span class='ocrx_word' id='word_1_100' title='bbox 2321 2138 2392 2199; x_wconf 90' lang='lat' dir='ltr'>et</span> 
     </span>
     <span class='ocr_line' id='line_1_15' title="bbox 272 2251 2386 2349; baseline -0.001 -23"><span class='ocrx_word' id='word_1_101' title='bbox 272 2253 768 2345; x_wconf 85' lang='lat' dir='ltr'>²adurerentur,</span> <span class='ocrx_word' id='word_1_102' title='bbox 800 2255 1136 2348; x_wconf 83' lang='lat' dir='ltr'>liquorem</span> <span class='ocrx_word' id='word_1_103' title='bbox 1169 2256 1498 2347; x_wconf 79' lang='lat' dir='ltr'>agitabat,</span> <span class='ocrx_word' id='word_1_104' title='bbox 1519 2253 1743 2349; x_wconf 77' lang='lat' dir='ltr'>&#39;usque</span> <span class='ocrx_word' id='word_1_105' title='bbox 1782 2255 1945 2327; x_wconf 87' lang='lat' dir='ltr'>dum</span> <span class='ocrx_word' id='word_1_106' title='bbox 1973 2251 2386 2347; x_wconf 78' lang='lat' dir='ltr'>defrigesce-</span> 
     </span>
     <span class='ocr_line' id='line_1_16' title="bbox 270 2379 2391 2475; baseline 0 -26"><span class='ocrx_word' id='word_1_107' title='bbox 270 2391 419 2450; x_wconf 80' lang='lat' dir='ltr'>‘ret.</span> <span class='ocrx_word' id='word_1_108' title='bbox 454 2379 624 2451; x_wconf 87' lang='lat' dir='ltr'>Tum</span> <span class='ocrx_word' id='word_1_109' title='bbox 665 2380 898 2475; x_wconf 80' lang='lat' dir='ltr'>sapam</span> <span class='ocrx_word' id='word_1_110' title='bbox 940 2381 1395 2452; x_wconf 80' lang='lat' dir='ltr'>transferebat</span> <span class='ocrx_word' id='word_1_111' title='bbox 1432 2381 1503 2450; x_wconf 91' lang='lat' dir='ltr'>in</span> <span class='ocrx_word' id='word_1_112' title='bbox 1553 2393 1720 2452; x_wconf 86' lang='lat' dir='ltr'>vasa</span> <span class='ocrx_word' id='word_1_113' title='bbox 1766 2380 1886 2451; x_wconf 88' lang='lat' dir='ltr'>nbi</span> <span class='ocrx_word' id='word_1_114' title='bbox 1933 2380 2391 2474; x_wconf 78' lang='lat' dir='ltr'>reponebatur</span> 
     </span>
     <span class='ocr_line' id='line_1_17' title="bbox 290 2505 2392 2599; baseline 0 -23"><span class='ocrx_word' id='word_1_115' title='bbox 290 2515 371 2576; x_wconf 86' lang='lat' dir='ltr'>ut</span> <span class='ocrx_word' id='word_1_116' title='bbox 399 2515 553 2599; x_wconf 87' lang='lat' dir='ltr'>post</span> <span class='ocrx_word' id='word_1_117' title='bbox 586 2527 839 2577; x_wconf 90' lang='lat' dir='ltr'>annum</span> <span class='ocrx_word' id='word_1_118' title='bbox 871 2516 1045 2577; x_wconf 83' lang='lat' dir='ltr'>esset</span> <span class='ocrx_word' id='word_1_119' title='bbox 1072 2505 1150 2575; x_wconf 77' lang='lat' dir='ltr'>’in</span> <span class='ocrx_word' id='word_1_120' title='bbox 1182 2528 1335 2576; x_wconf 88' lang='lat' dir='ltr'>usu.</span> <span class='ocrx_word' id='word_1_121' title='bbox 1377 2505 1550 2576; x_wconf 84' lang='lat' dir='ltr'>Nam</span> <span class='ocrx_word' id='word_1_122' title='bbox 1584 2506 1762 2576; x_wconf 85' lang='lat' dir='ltr'>sicut</span> <span class='ocrx_word' id='word_1_123' title='bbox 1795 2507 2108 2590; x_wconf 76' lang='lat' dir='ltr'>crudum,</span> <span class='ocrx_word' id='word_1_124' title='bbox 2147 2506 2392 2577; x_wconf 86' lang='lat' dir='ltr'>vinum</span> 
     </span>
     <span class='ocr_line' id='line_1_18' title="bbox 290 2631 2390 2726; baseline -0.001 -21"><span class='ocrx_word' id='word_1_125' title='bbox 290 2642 562 2705; x_wconf 87' lang='lat' dir='ltr'>coctum</span> <span class='ocrx_word' id='word_1_126' title='bbox 615 2653 924 2703; x_wconf 87' lang='lat' dir='ltr'>acescere</span> <span class='ocrx_word' id='word_1_127' title='bbox 968 2642 1259 2726; x_wconf 86' lang='lat' dir='ltr'>poterat,</span> <span class='ocrx_word' id='word_1_128' title='bbox 1299 2640 1367 2702; x_wconf 88' lang='lat' dir='ltr'>et</span> <span class='ocrx_word' id='word_1_129' title='bbox 1399 2631 1719 2702; x_wconf 89' lang='lat' dir='ltr'>annicula</span> <span class='ocrx_word' id='word_1_130' title='bbox 1759 2652 1967 2725; x_wconf 90' lang='lat' dir='ltr'>sapa,</span> <span class='ocrx_word' id='word_1_131' title='bbox 2016 2632 2208 2723; x_wconf 87' lang='lat' dir='ltr'>cujus</span> <span class='ocrx_word' id='word_1_132' title='bbox 2248 2632 2390 2722; x_wconf 85' lang='lat' dir='ltr'>jam</span> 
     </span>
     <span class='ocr_line' id='line_1_19' title="bbox 292 2743 2391 2856; baseline -0.001 -26"><span class='ocrx_word' id='word_1_133' title='bbox 292 2743 566 2830; x_wconf 85' lang='lat' dir='ltr'>bonitas</span> <span class='ocrx_word' id='word_1_134' title='bbox 623 2759 978 2851; x_wconf 87' lang='lat' dir='ltr'>explorata</span> <span class='ocrx_word' id='word_1_135' title='bbox 1044 2765 1223 2828; x_wconf 83' lang='lat' dir='ltr'>esset</span> <span class='ocrx_word' id='word_1_136' title='bbox 1252 2810 1270 2847; x_wconf 92' lang='lat'>,</span> <span class='ocrx_word' id='word_1_137' title='bbox 1339 2755 1800 2856; x_wconf 86' lang='lat' dir='ltr'>condiendum</span> <span class='ocrx_word' id='word_1_138' title='bbox 1869 2777 2017 2828; x_wconf 85' lang='lat' dir='ltr'>esse</span> <span class='ocrx_word' id='word_1_139' title='bbox 2092 2766 2391 2828; x_wconf 89' lang='lat' dir='ltr'>mustum</span> 
     </span>
     <span class='ocr_line' id='line_1_20' title="bbox 291 2880 2393 2979; baseline -0.001 -25"><span class='ocrx_word' id='word_1_140' title='bbox 291 2883 631 2979; x_wconf 85' lang='lat' dir='ltr'>putabant</span> <span class='ocrx_word' id='word_1_141' title='bbox 649 2881 964 2971; x_wconf 88' lang='lat' dir='ltr'>Romani,</span> <span class='ocrx_word' id='word_1_142' title='bbox 1008 2903 1097 2953; x_wconf 89' lang='lat' dir='ltr'>ne</span> <span class='ocrx_word' id='word_1_143' title='bbox 1127 2880 1379 2953; x_wconf 87' lang='lat' dir='ltr'>vitioso</span> <span class='ocrx_word' id='word_1_144' title='bbox 1418 2880 1871 2953; x_wconf 86' lang='lat' dir='ltr'>medicamine</span> <span class='ocrx_word' id='word_1_145' title='bbox 1911 2882 2171 2953; x_wconf 85' lang='lat' dir='ltr'>fructus</span> <span class='ocrx_word' id='word_1_146' title='bbox 2203 2881 2393 2953; x_wconf 87' lang='lat' dir='ltr'>vitia·</span> 
     </span>
     <span class='ocr_line' id='line_1_21' title="bbox 293 3010 1276 3082; baseline 0.001 -2"><span class='ocrx_word' id='word_1_147' title='bbox 293 3020 509 3082; x_wconf 84' lang='lat' dir='ltr'>retur.</span> <span class='ocrx_word' id='word_1_148' title='bbox 1271 3010 1276 3016; x_wconf 70' lang='grc'>’</span> 
     </span>
    </p>

    <p class='ocr_par' dir='ltr' id='par_1_3' title="bbox 272 3130 2397 3978">
     <span class='ocr_line' id='line_1_22' title="bbox 394 3130 2391 3228; baseline -0.003 -21"><span class='ocrx_word' id='word_1_149' title='bbox 394 3132 516 3207; x_wconf 86' lang='lat' dir='ltr'>His</span> <span class='ocrx_word' id='word_1_150' title='bbox 547 3143 777 3206; x_wconf 83' lang='lat' dir='ltr'>autem</span> <span class='ocrx_word' id='word_1_151' title='bbox 799 3134 977 3205; x_wconf 89' lang='lat' dir='ltr'>vinis</span> <span class='ocrx_word' id='word_1_152' title='bbox 1002 3132 1212 3205; x_wconf 85' lang='lat' dir='ltr'>coctis</span> <span class='ocrx_word' id='word_1_153' title='bbox 1243 3142 1311 3204; x_wconf 90' lang='lat' dir='ltr'>et</span> <span class='ocrx_word' id='word_1_154' title='bbox 1344 3131 1457 3203; x_wconf 83' lang='lat' dir='ltr'>tali</span> <span class='ocrx_word' id='word_1_155' title='bbox 1482 3130 1691 3204; x_wconf 84' lang='lat' dir='ltr'>modo</span> <span class='ocrx_word' id='word_1_156' title='bbox 1720 3131 2142 3228; x_wconf 84' lang='lat' dir='ltr'>compositiS,</span> <span class='ocrx_word' id='word_1_157' title='bbox 2177 3155 2391 3227; x_wconf 89' lang='lat' dir='ltr'>qua-n-</span> 
     </span>
     <span class='ocr_line' id='line_1_23' title="bbox 295 3239 2387 3349; baseline -0.003 -16"><span class='ocrx_word' id='word_1_158' title='bbox 295 3272 443 3336; x_wconf 85' lang='lat' dir='ltr'>tum</span> <span class='ocrx_word' id='word_1_159' title='bbox 485 3249 956 3333; x_wconf 85' lang='lat' dir='ltr'>medicaminis</span> <span class='ocrx_word' id='word_1_160' title='bbox 1008 3258 1081 3328; x_wconf 90' lang='lat' dir='ltr'>in</span> <span class='ocrx_word' id='word_1_161' title='bbox 1136 3267 1434 3328; x_wconf 88' lang='lat' dir='ltr'>mustum</span> <span class='ocrx_word' id='word_1_162' title='bbox 1473 3239 1931 3349; x_wconf 64' lang='lat' dir='ltr'>adjiciendum</span> <span class='ocrx_word' id='word_1_163' title='bbox 1981 3266 2193 3346; x_wconf 89' lang='lat' dir='ltr'>esset,</span> <span class='ocrx_word' id='word_1_164' title='bbox 2245 3279 2387 3329; x_wconf 90' lang='lat' dir='ltr'>non</span> 
     </span>
     <span class='ocr_line' id='line_1_24' title="bbox 272 3381 2392 3479; baseline -0.004 -20"><span class='ocrx_word' id='word_1_165' title='bbox 272 3387 524 3459; x_wconf 70' lang='lat' dir='ltr'>&#39;certus</span> <span class='ocrx_word' id='word_1_166' title='bbox 577 3393 722 3456; x_wconf 82' lang='lat' dir='ltr'>erat</span> <span class='ocrx_word' id='word_1_167' title='bbox 770 3383 1019 3457; x_wconf 80' lang='lat' dir='ltr'>modus</span> <span class='ocrx_word' id='word_1_168' title='bbox 1062 3411 1079 3455; x_wconf 73' lang='grc' dir='ltr'>ε</span> <span class='ocrx_word' id='word_1_169' title='bbox 1143 3403 1307 3456; x_wconf 90' lang='lat' dir='ltr'>nam</span> <span class='ocrx_word' id='word_1_170' title='bbox 1353 3406 1478 3479; x_wconf 90' lang='lat' dir='ltr'>pro</span> <span class='ocrx_word' id='word_1_171' title='bbox 1529 3393 1774 3458; x_wconf 89' lang='lat' dir='ltr'>natura</span> <span class='ocrx_word' id='word_1_172' title='bbox 1824 3384 2027 3454; x_wconf 85' lang='lat' dir='ltr'>musti</span> <span class='ocrx_word' id='word_1_173' title='bbox 2069 3381 2392 3455; x_wconf 83' lang='lat' dir='ltr'>aestimari</span> 
     </span>
     <span class='ocr_line' id='line_1_25' title="bbox 295 3508 2395 3608; baseline -0.002 -25"><span class='ocrx_word' id='word_1_174' title='bbox 295 3510 685 3608; x_wconf 83' lang='lat' dir='ltr'>oportebat,</span> <span class='ocrx_word' id='word_1_175' title='bbox 727 3509 917 3604; x_wconf 89' lang='lat' dir='ltr'>quod</span> <span class='ocrx_word' id='word_1_176' title='bbox 959 3510 1120 3582; x_wconf 86' lang='lat' dir='ltr'>satis</span> <span class='ocrx_word' id='word_1_177' title='bbox 1157 3519 1357 3598; x_wconf 82' lang='lat' dir='ltr'>esset,</span> <span class='ocrx_word' id='word_1_178' title='bbox 1394 3520 1460 3581; x_wconf 88' lang='lat' dir='ltr'>et</span> <span class='ocrx_word' id='word_1_179' title='bbox 1494 3508 1783 3582; x_wconf 85' lang='lat' dir='ltr'>cavebat</span> <span class='ocrx_word' id='word_1_180' title='bbox 1822 3510 2072 3580; x_wconf 86' lang='lat' dir='ltr'>vinitor</span> <span class='ocrx_word' id='word_1_181' title='bbox 2110 3530 2199 3580; x_wconf 87' lang='lat' dir='ltr'>ne</span> <span class='ocrx_word' id='word_1_182' title='bbox 2234 3511 2395 3579; x_wconf 91' lang='lat' dir='ltr'>con·</span> 
     </span>
     <span class='ocr_line' id='line_1_26' title="bbox 294 3633 2386 3731; baseline -0.004 -20"><span class='ocrx_word' id='word_1_183' title='bbox 294 3638 485 3712; x_wconf 81' lang='lat' dir='ltr'>ditus</span> <span class='ocrx_word' id='word_1_184' title='bbox 501 3658 707 3731; x_wconf 84' lang='lat' dir='ltr'>sapor</span> <span class='ocrx_word' id='word_1_185' title='bbox 732 3635 1245 3731; x_wconf 75' lang='lat' dir='ltr'>intelligeretur,</span> <span class='ocrx_word' id='word_1_186' title='bbox 1264 3653 1428 3728; x_wconf 35' lang='lat' dir='ltr'>q‘uae</span> <span class='ocrx_word' id='word_1_187' title='bbox 1455 3654 1566 3705; x_wconf 84' lang='lat' dir='ltr'>res</span> <span class='ocrx_word' id='word_1_188' title='bbox 1578 3645 1958 3729; x_wconf 87' lang='lat' dir='ltr'>emptorem</span> <span class='ocrx_word' id='word_1_189' title='bbox 1985 3633 2386 3728; x_wconf 80' lang='lat' dir='ltr'>fugavisset.</span> 
     </span>
     <span class='ocr_line' id='line_1_27' title="bbox 298 3739 2393 3855; baseline -0.001 -21"><span class='ocrx_word' id='word_1_190' title='bbox 298 3763 536 3855; x_wconf 84' lang='lat' dir='ltr'>ltaque</span> <span class='ocrx_word' id='word_1_191' title='bbox 569 3761 980 3850; x_wconf 88' lang='lat' dir='ltr'>Columella,</span> <span class='ocrx_word' id='word_1_192' title='bbox 1031 3760 1088 3831; x_wconf 88' lang='lat' dir='ltr'>si</span> <span class='ocrx_word' id='word_1_193' title='bbox 1139 3759 1419 3831; x_wconf 85' lang='lat' dir='ltr'>humida</span> <span class='ocrx_word' id='word_1_194' title='bbox 1476 3739 1712 3835; x_wconf 80' lang='lat' dir='ltr'>fuisset</span> <span class='ocrx_word' id='word_1_195' title='bbox 1757 3759 2136 3847; x_wconf 89' lang='lat' dir='ltr'>vindemia,</span> <span class='ocrx_word' id='word_1_196' title='bbox 2188 3758 2393 3831; x_wconf 91' lang='lat' dir='ltr'>trien·</span> 
     </span>
     <span class='ocr_line' id='line_1_28' title="bbox 297 3877 2397 3978; baseline 0 -20"><span class='ocrx_word' id='word_1_197' title='bbox 297 3895 467 3973; x_wconf 81' lang='lat' dir='ltr'>tem,</span> <span class='ocrx_word' id='word_1_198' title='bbox 511 3885 569 3956; x_wconf 89' lang='lat' dir='ltr'>si</span> <span class='ocrx_word' id='word_1_199' title='bbox 617 3884 796 3955; x_wconf 86' lang='lat' dir='ltr'>sicca</span> <span class='ocrx_word' id='word_1_200' title='bbox 823 3939 840 3972; x_wconf 94' lang='lat'>,</span> <span class='ocrx_word' id='word_1_201' title='bbox 892 3883 1347 3978; x_wconf 77' lang='lat' dir='ltr'>quadrantem</span> <span class='ocrx_word' id='word_1_202' title='bbox 1399 3877 1870 3957; x_wconf 79' lang='lat' dir='ltr'>medicaminis</span> <span class='ocrx_word' id='word_1_203' title='bbox 1907 3885 1976 3956; x_wconf 92' lang='lat' dir='ltr'>in</span> <span class='ocrx_word' id='word_1_204' title='bbox 2024 3883 2220 3958; x_wconf 88' lang='lat' dir='ltr'>binas</span> <span class='ocrx_word' id='word_1_205' title='bbox 2257 3907 2397 3958; x_wconf 88' lang='lat' dir='ltr'>am-</span> 
     </span>
    </p>
   </div>
   <div class='ocr_carea' id='block_1_2' title="bbox 298 4056 2400 4359">
    <p class='ocr_par' dir='ltr' id='par_1_4' title="bbox 298 4056 2400 4359">
     <span class='ocr_line' id='line_1_29' title="bbox 393 4056 2400 4147; baseline 0.001 -23"><span class='ocrx_word' id='word_1_206' title='bbox 393 4062 469 4145; x_wconf 77' lang='lat'>(1)</span> <span class='ocrx_word' id='word_1_207' title='bbox 492 4059 766 4137; x_wconf 62' lang='lat' dir='ltr'>Colum„</span> <span class='ocrx_word' id='word_1_208' title='bbox 797 4061 926 4137; x_wconf 85' lang='lat' dir='ltr'>XII,</span> <span class='ocrx_word' id='word_1_209' title='bbox 957 4056 1054 4126; x_wconf 66' lang='lat'>19.</span> <span class='ocrx_word' id='word_1_210' title='bbox 1104 4079 1137 4119; x_wconf 77' lang='lat' dir='ltr'>cc</span> <span class='ocrx_word' id='word_1_211' title='bbox 1157 4059 1263 4122; x_wconf 71' lang='lat' dir='ltr'>Pix</span> <span class='ocrx_word' id='word_1_212' title='bbox 1289 4069 1496 4124; x_wconf 77' lang='lat' dir='ltr'>autem</span> <span class='ocrx_word' id='word_1_213' title='bbox 1520 4068 1654 4125; x_wconf 83' lang='lat' dir='ltr'>erat</span> <span class='ocrx_word' id='word_1_214' title='bbox 1676 4070 1786 4126; x_wconf 80' lang='lat' dir='ltr'>aut</span> <span class='ocrx_word' id='word_1_215' title='bbox 1804 4062 2095 4127; x_wconf 81' lang='lat' dir='ltr'>corticata</span> <span class='ocrx_word' id='word_1_216' title='bbox 2121 4079 2245 4147; x_wconf 75' lang='lat' dir='ltr'>qua</span> <span class='ocrx_word' id='word_1_217' title='bbox 2266 4067 2400 4127; x_wconf 81' lang='lat' dir='ltr'>ute-</span> 
     </span>
     <span class='ocr_line' id='line_1_30' title="bbox 298 4166 2399 4270; baseline -0.002 -34"><span class='ocrx_word' id='word_1_218' title='bbox 298 4166 529 4236; x_wconf 78' lang='lat' dir='ltr'>bantur</span> <span class='ocrx_word' id='word_1_219' title='bbox 554 4168 632 4235; x_wconf 84' lang='lat' dir='ltr'>ad</span> <span class='ocrx_word' id='word_1_220' title='bbox 660 4169 1012 4234; x_wconf 79' lang='lat' dir='ltr'>condituras</span> <span class='ocrx_word' id='word_1_221' title='bbox 1045 4167 1575 4270; x_wconf 49' lang='lat' dir='ltr'>Allobrogemau&#39;t</span> <span class='ocrx_word' id='word_1_222' title='bbox 1612 4167 1994 4235; x_wconf 77' lang='lat' dir='ltr'>nemeturica</span> <span class='ocrx_word' id='word_1_223' title='bbox 2037 4189 2174 4252; x_wconf 86' lang='lat' dir='ltr'>quae</span> <span class='ocrx_word' id='word_1_224' title='bbox 2210 4174 2269 4233; x_wconf 90' lang='lat' dir='ltr'>in</span> <span class='ocrx_word' id='word_1_225' title='bbox 2302 4172 2399 4233; x_wconf 90' lang='lat' dir='ltr'>Li-</span> 
     </span>
     <span class='ocr_line' id='line_1_31' title="bbox 301 4269 1656 4359; baseline 0.001 -19"><span class='ocrx_word' id='word_1_226' title='bbox 301 4276 480 4359; x_wconf 81' lang='lat' dir='ltr'>guria</span> <span class='ocrx_word' id='word_1_227' title='bbox 509 4274 971 4341; x_wconf 73' lang='lat' dir='ltr'>conficiebatur:</span> <span class='ocrx_word' id='word_1_228' title='bbox 1000 4299 1029 4337; x_wconf 72' lang='lat' dir='ltr'>n</span> <span class='ocrx_word' id='word_1_229' title='bbox 1064 4275 1243 4341; x_wconf 72' lang='lat' dir='ltr'>conf.</span> <span class='ocrx_word' id='word_1_230' title='bbox 1275 4278 1390 4355; x_wconf 54' lang='lat' dir='ltr'>id,</span> <span class='ocrx_word' id='word_1_231' title='bbox 1420 4269 1522 4353; x_wconf 63' lang='lat'>²23,</span> <span class='ocrx_word' id='word_1_232' title='bbox 1556 4277 1656 4341; x_wconf 55' lang='lat'>25,</span> 
     </span>
    </p>
   </div>
   <div class='ocr_carea' id='block_1_3' title="bbox 2956 292 2964 1164">
    <p class='ocr_par' dir='ltr' id='par_1_5' title="bbox 2956 292 2964 1164">
     <span class='ocr_line' id='line_1_32' title="bbox 2956 292 2964 1164; baseline 0 0"><span class='ocrx_word' id='word_1_233' title='bbox 2956 292 2964 1164; x_wconf 95' lang='lat' dir='ltr'> </span> 
     </span>
    </p>
   </div>
  </div>
 </body>
</html>
