2975 5159
1236 475 1471 544 -21
1532 511 1630 526 ...-

374 625 561 699 tibus
592 628 908 700 aderant.
944 627 1455 702 Removebatnr
1493 646 1536 696 a
1578 633 1755 695 terra
1783 622 1943 695 vitis
1969 643 2130 717 quae
2161 622 2471 697 ostende·

375 753 499 826 bat
542 774 620 825 se
660 754 911 825 afferre
947 774 1147 841 uvae,
1191 761 1261 823 et
1291 751 1419 822 sub
1470 771 1650 838 eam,
1695 749 1813 820 ubi
1859 749 2268 822 nascebatur
2298 769 2463 839 uva,

377 879 951 971 subjiciebantur,
994 900 1083 952 ne
1116 877 1465 950 vindemia
1505 875 1776 971 periret,
1812 876 2080 950 circiter
2116 876 2471 974 bipedales

380 1004 662 1076 furcillae
694 1002 828 1100 (t).
871 1004 1207 1078 Dominus
1236 1023 1403 1076 vero
1430 1002 1631 1076 simul
1667 1023 1752 1074 ac
1784 1001 2052 1075 viderat
2078 1002 2471 1098 occipitium

375 1128 932 1217 vindemiarum,
988 1128 1288 1200 sarcinas
1345 1148 1587 1200 omnes
1667 1126 2100 1200 hibernatum
2161 1128 2232 1200 in
2299 1139 2473 1204 tecta

376 1255 773 1344 reducebat,
832 1264 907 1326 ut
945 1255 1094 1325 sine
1134 1262 1414 1348 sumptu
1458 1274 1699 1324 earum
1765 1273 1979 1347 opera
2016 1221 2233 1326 altero
2285 1277 2472 1340 anno

378 1381 476 1452 uti
530 1390 788 1475 posset.
863 1380 1037 1466 Quae
1084 1379 1511 1454 consuetudo
1571 1378 1641 1450 in
1688 1378 1881 1450 ltalia
1941 1378 2475 1453 fuissevidetur

376 1506 703 1579 Reatinis.
743 1505 1048 1578 Alterum
1104 1526 1380 1597 quoque
1424 1523 1646 1597 genus
1699 1514 1845 1577 erat
1895 1503 2465 1580 adminiculorum

376 1630 525 1703 sine
597 1631 763 1723 jugo
810 1655 824 1700 :
869 1650 1030 1701 nam
1102 1629 1355 1701 defixis
1412 1628 1869 1702 arundinibus
1931 1631 2472 1705 eit-cummunitae
2550 1664 2553 1666 “

374 1754 552 1826 vites
576 1759 702 1849 per
736 1755 1104 1826 statumina
1131 1755 1552 1826 calamorum
1589 1753 1898 1826 *materiis
1925 1755 2147 1846 ligatis
2167 1757 2239 1827 in
2281 1758 2464 1828 orbi-

375 1879 579 1952 culos'
604 1900 955 1973 gyrosque
1000 1877 1485 1966 flectebantur,
1527 1887 1595 1951 et
1634 1899 1753 1952 eae
1787 1881 2106 1952 nonnulli
2152 1881 2471 1956 characa-

376 2013 483 2078 tas
510 2006 853 2078 vocabant
889 2001 1023 2100 (2).

1388 2227 1476 2298 V.

374 2441 387 2448 ⁰
518 2422 622 2487 De
644 2414 848 2515 jugis·
874 2393 1298 2517 fugatisque
1334 2410 1639 2485 vitibus?
1670 2411 2090 2514 Alligatoris
2127 2416 2346 2492 labor.

476 2624 883 2702 sublimium
919 2633 1149 2696 autem
1178 2623 1537 2695 vinearum
1576 2623 1924 2717 pleraeque
1953 2626 2027 2696 in
2061 2628 2254 2700 Italia
2282 2630 2469 2724 jugis

289 2847 298 2855 ·
377 2749 934 2847 imponebantur,
987 2749 1646 2843 appellabanturque
1666 2750 1950 2841 jugatae'.
1992 2754 2065 2823 In
2110 2753 2471 2847 jugisdis-

380 2875 773 2968 tinguendae
819 2882 1044 2968 partes
1082 2874 1242 2946 duae
1278 2899 1293 2941 ε
1341 2894 1510 2963 una,
1564 2895 1681 2967 per
1717 2897 1926 2967 quam
1960 2886 2093 2948 stat
2131 2890 2314 2952 recta
2358 2882 2472 2954 vi-

381 3023 538 3087 nea,
561 2997 1066 3097 pedamentum
1093 2996 1339 3070 dicitur
1361 3026 1381 3082 3
1406 2998 1618 3070 altera
1652 3020 1843 3086 vero,
1874 3022 2034 3093 quae
2063 3004 2470 3096 pedamento

382 3136 769 3201 transversa
793 3122 1129 3216 jungitur,
1164 3122 1444 3218 proprie
1478 3133 1767 3196 vocatur
1780 3122 2063 3222 jugum,

450 3250 1049 3323 *pedamentorum
1075 3258 1271 3322 erant
1297 3248 1427 3319 tria
1447 3268 1727 3339 genera.
1750 3249 2055 3323 Primum
2077 3253 2466 3349 robustum,

383 3374 570 3469 quod
598 3374 935 3469 optimum
966 3372 1234 3444 solebat
1269 3371 1504 3444 afferri
1530 3373 1599 3444 in
1638 3373 1914 3448 vineam
1957 3399 1995 3449 e
2021 3399 2308 3470 quercu,
2349 3403 2473 3457 vo.

382 3501 667 3572 cabatur
688 3495 958 3582 1·e’dica‚·
996 3496 1311 3585 alterum,
1343 3497 1617 3569 nomine
1643 3498 1882 3593 palus,
1902 3523 1942 3572 e
1976 3505 2470 3599 pertioavquam

382 3623 902 3709 maximedura,
936 3641 1073 3713 quo
1096 3619 1288 3696 fieret
1314 3620 1743 3712 diuturnius;
1769 3634 1837 3696 et
1865 3626 2136 3700 tertium
2167 3629 2470 3723 priorum

383 3749 636 3842 inopiae
671 3744 978 3817 subsidio
1011 3743 1402 3816 mittebatur
1435 3743 1864 3817 arundineto.
1880 3747 2020 3818 Viti
2047 3750 2471 3825 stabiliendae

384 3874 731 3945 meliorem
757 3892 906 3942 esse
945 3869 1224 3940 ridicam
1267 3869 1422 3963 palo
1459 3869 1625 3941 dicit
1645 3871 2016 3943 Columella
2055 3872 2185 3969 (3),
2222 3886 2472 3949 etcum

472 4055 553 4141 (1)
583 4056 731 4120 Gall.
764 4077 794 4114 α
816 4058 935 4120 592
961 4053 1205 4120 minim.
1230 4076 1265 4116 u

470 4165 546 4247 (2)
578 4163 753 4228 Conf.
799 4164 990 4237 Varr„
1019 4164 1065 4236 Ι,
1092 4165 1162 4239 83
1194 4163 1431 4226 Colum.
1440 4208 1463 4242 ‚
1492 4163 1567 4240 V,
1587 4166 1653 4226 -4,

475 4270 557 4355 (3)
587 4271 853 4348 Colum„
891 4271 990 4344 IV,
1024 4271 1123 4332 26.
