2975 5159
1164 535 1260 548 .-
1313 500 1405 569 55
1457 537 1555 551 .-

293 652 555 737 partem
604 656 882 717 exstare
940 648 1196 718 sinens
1262 678 1295 711 α
1340 649 1497 736 Sic,
1543 650 1635 719 ait
1671 649 1827 743 ipse
1863 646 2232 721 Columella
2275 645 2395 740 qni

290 788 511 858 genus
542 767 727 850 istud
765 768 1086 841 servandi
1123 770 1450 841 describit
1480 757 1913 842 abundanter
1937 767 2090 868 (1),
2135 771 2393 864 optime

288 903 601 964 servatur
663 915 799 963 uva
832 894 1002 965 :sed
1063 917 1276 990 quum
1323 876 1434 967 'est
1488 905 1852 990 exempta,
1926 896 2056 967 nisi
2131 917 2215 967 eo
2278 896 2390 967 die

294 1018 724 1091 consumitur
751 1074 771 1107 ‚
816 1020 1088 1090 acescit.
1136 1050 1169 1084 n

389 1146 608 1230 Quam
675 1166 841 1215 vero
880 1146 1321 1218 acerbitatem
1374 1156 1446 1218 ut
1493 1149 1851 1240 fugerent,
1911 1147 2220 1241 plerique
2252 1169 2390 1218 non

289 1271 474 1342 illam
516 1271 838 1342 servandi
885 1272 1218 1343 rationem
1260 1273 1751 1366 sequebantur.
1816 1273 1951 1345 Alii
1996 1274 2068 1342 in
2126 1271 2389 1344 dolium

288 1395 469 1467 bene
519 1396 814 1490 picatum
867 1396 1272 1489 amphoram
1337 1395 1588 1470 defruti
1643 1397 2101 1490 conjiciebant
2169 1408 2385 1468 trans·

290 1541 670 1614 versosque
710 1523 923 1593 fustes
962 1524 1325 1596 ‚arctabant
1370 1524 1464 1595 ita
1506 1533 1581 1595 ut
1633 1523 1980 1595 defrutum
2024 1543 2162 1622 non
2233 1544 2398 1594 con-

293 1647 637 1740 tingerent
702 1672 718 1717 ε
805 1647 1254 1742 superpositis
1335 1650 1590 1722 deinde
1685 1647 2009 1721 fictilibus
2096 1648 2343 1750 patinis
2373 1701 2393 1738 ‚

291 1794 506 1843 uvam
554 1772 923 1866 diligenter
980 1773 1444 1868 disponebant
1498 1785 1567 1846 et
1621 1774 1949 1869 opercula
2006 1772 2396 1868 patinarum

294 1898 652 1969 linebant:
705 1908 846 1968 tum
898 1900 1110 1969 altero
1151 1899 1501 1986 tabulato,
1551 1909 1619 1970 et
1646 1899 1891 1988 tertio,
1952 1911 2018 1969 et
2059 1898 2392 1991 quamdiu

295 2023 701 2115 magnitudo
756 2024 1144 2116 patiebatur
1205 2023 1414 2109 dolii,
1468 2024 1777 2095 similiter
1829 2022 2221 2107 instructiS‚
2284 2019 2398 2094 de·

294 2149 477 2220 fruto
530 2149 722 2241 large
776 2148 1082 2219 linebant
1152 2149 1550 2242 operculum
1607 2147 1773 2219 dolii
1838 2127 2395 2241 obturabanlque

295 2274 544 2348 cinere.
580 2273 908 2344 Nonnulli
952 2273 1067 2344 tali
1101 2274 1312 2345 modo
1338 2296 1477 2345 non
1520 2272 1824 2345 tabulata
1860 2274 2394 2368 componebant,

298 2402 707 2471 transversis
757 2422 797 2470 e
847 2400 1119 2492 perticis
1157 2422 1362 2494 supra
1394 2397 1742 2470 defrutum
1780 2419 1955 2469 uvas
1983 2399 2402 2493 suspendere

295 2526 606 2619 doliique
655 2528 1057 2619 operculum
1131 2525 1435 2596 oblinere
1498 2524 1830 2596 contenti.
1910 2523 2045 2595 Alii
2108 2525 2400 2613 furfures

295 2664 417 2725 aut
466 2650 728 2723 aridam
788 2651 1204 2745 populneam
1241 2652 1353 2722 vel
1403 2650 1768 2741 abiegnam
1823 2649 2100 2721 scobem
2140 2649 2210 2720 in
2256 2651 2396 2723 imo

297 2777 513 2849 fundo
565 2757 1037 2870 deponebant,
1100 2786 1168 2845 et
1219 2796 1387 2845 uvas
1444 2776 1537 2845 ita
1592 2773 2158 2870 superponebant
2193 2797 2280 2844 ne
2310 2778 2403 2846 al-

300 2913 467 2974 terae
545 2902 775 2972 alteris
853 2900 1534 2994 comprimerentur:
1608 2911 1751 2969 tum
1837 2920 2074 2969 rursus
2136 2897 2401 2989 injectis

300 3027 677 3099 furfuribus
747 3036 814 3097 et
871 3025 1129 3111 scobe,
1197 3023 1499 3095 tabulata
1555 3023 1897 3095 faciehant
1965 3044 2185 3116 usque
2234 3023 2401 3096 dum

301 3151 580 3223 alternis
655 3150 1032 3222 furfuribus
1096 3159 1162 3220 et
1214 3140 1370 3220 uvis
1452 3131 1846 3244 impleretur
1914 3145 2202 3218 dolium.
2271 3148 2403 3219 Alii

300 3279 506 3350 etiam
543 3297 715 3347 uvas
765 3275 1214 3347 demittebant
1258 3275 1332 3345 in
1385 3274 1597 3361 ollaS‚
1640 3286 1709 3346 et
1748 3273 1919 3344 ollas
1948 3273 2019 3343 in
2053 3273 2235 3345 dolio
2284 3295 2407 3368 per

304 3403 609 3474 tabulata
663 3401 1171 3495 componebant
1212 3393 1308 3471 ita
1357 3410 1437 3470 ut
1498 3397 1924 3471 intercalcari
1983 3411 2260 3491 possent
2315 3399 2410 3470 vi-

301 3545 554 3614 nacea,
615 3525 870 3618 quibus
920 3531 1140 3619 usque
1192 3526 1280 3597 ad
1348 3546 1697 3596 summum
1760 3522 2035 3594 labrum
2094 3524 2407 3595 conden-

303 3653 471 3724 satis
535 3649 1130 3746 superponebatur
1178 3649 1621 3744 operculum3
1691 3671 1818 3719 nec
1883 3649 2067 3718 hunc
2124 3647 2406 3720 mo'dum

304 3779 636 3850 damnare
677 3776 936 3847 Plinius
963 3776 1269 3859 videtur,
1310 3776 1643 3868 quoniam
1685 3774 1957 3868 scripsit
2000 3773 2163 3846 talia
2198 3801 2214 3844 ε
2261 3803 2294 3838 ιι
2333 3775 2408 3845 In

305 3925 433 3974 sua
468 3912 734 3974 tantum
762 3902 1201 3974 continentur
1228 3901 1456 3971 anima
1484 3901 1637 3973 ollis
1653 3898 1999 3991 fictilibus,
2036 3909 2103 3971 et
2131 3900 2416 3993 insuper

306 4027 512 4100 doliis
544 4026 848 4116 inclusae,
873 4025 1144 4120 stipatae
1169 4025 1473 4097 vinaceis
1512 4023 2183 4096 circumsudantibus
2205 4022 2338 4119 (2).
2380 4053 2414 4089 »

393 4188 473 4271 (1)
503 4187 771 4263 Colum„
799 4186 928 4264 XII,
955 4187 1058 4248 44.

394 4298 478 4375 (2)
505 4294 695 4371 Ptin„
722 4293 878 4370 XIV,
908 4296 965 4355 1.
