2975 5159
1480 462 1880 532 ...32-

711 608 1068 682 ‘Caeterum
1127 610 1333 684 talem
1380 605 1532 682 esse
1586 609 1942 682 vinearum
2001 618 2318 688 naturam
2375 611 2712 702 dicebant,

618 743 701 804 ut
720 755 862 828 qno
898 734 1228 807 maturius
1259 743 1586 830 putentur
1613 734 1790 828 aptis
1818 733 2090 822 diebus,
2126 755 2212 808 eo
2229 736 2385 828 plns
2418 735 2713 816 materiae

625 845 940 946 fundant,
982 869 1050 931 et
1086 873 1231 953 quo
1262 857 1510 948 serina,
1539 858 1638 932 eo¹
1654 860 1954 930 fructum
1981 858 2374 934 uberiorem
2417 858 2556 955 (1).

715 984 1220 1088 Dissentiebaut
1274 1005 1554 1079 quoque
1621 989 1972 1080 putatores
2011 985 2097 1057 de
2147 985 2358 1060 modo
2400 986 2708 1080 putandi.

615 1092 829 1181 Erant
864 1111 982 1202 qui
1021 1120 1334 1184 vetarent
1373 1111 1646 1184 vineam
1693 1110 1882 1202 tangi
1925 1110 2244 1206 proximo
2278 1121 2466 1184 a‘nno
2511 1134 2711 1205 quam

615 1235 938 1310 translata
969 1246 1188 1327 esset,
1240 1257 1468 1329 neque
1517 1244 1684 1310 ante
1716 1236 1830 1308 LX
1867 1255 2174 1308 mensem
2222 1236 2398 1308 falce
2431 1238 2657 1310 curari
2691 1263 2707 1312 z

615 1369 781 1433 tunc
832 1361 921 1434 ad
960 1373 1096 1438 tres
1146 1383 1453 1454 gemmas
1501 1361 1743 1436 recidi.
1796 1362 1919 1444 Alii
1961 1372 2026 1433 et
2061 1363 2384 1458 proximo
2434 1363 2712 1456 quidem

613 1496 797 1557 anno
852 1487 1275 1576 recidebant,
1320 1488 1441 1560 sed
1484 1499 1558 1559 ut
1614 1498 1847 1560 ternos
1901 1497 2363 1582 quaternosve
2428 1488 2714 1582 siugulis

612 1614 812 1683 annis
843 1612 1214 1705 adjicerent
1249 1613 1599 1703 articulos,
1633 1622 1882 1707 quarto
1926 1613 2206 1688 demum
2259 1613 2710 1709 perducerent

611 1737 700 1810 ad
741 1736 1015 1831 jugum.
1066 1738 1363 1823 Quidam
1413 1737 1644 1824 etiam,
1706 1738 1904 1809 tertio
1959 1759 2172 1827 ann0,
2237 1760 2382 1831 rquo
2438 1738 2710 1834 longius

608 1853 978 1936 evocarent
1028 1864 1371 1958 palmites»,
1408 1864 1562 1936 illos
1603 1864 2055 1944 excaecabant
2085 1876 2152 1935 et
2179 1865 2419 1938 oculos
2442 1866 2714 1938 aufere-

606 1988 772 2058 bant
810 1989 1059 2085 supina
1113 1991 1306 2062 falce.
1341 1989 1479 2064 Sed
1506 1989 1660 2062 illos
1693 2010 1936 2066 omnes
1983 1988 2553 2062 damnatPlinius
2587 1991 2707 2085 qui

604 2112 823 2207 prima
856 2114 1222 2209 putationis
1262 2115 1610 2209 praecepta
1644 2114 1743 2186 sic
1771 2125 2124 2188 enumerat
2157 2140 2174 2185 ε
2219 2125 2255 2179 «ι’
2286 2114 2570 2205 Utilior,
2608 2118 2708 2186 in·

602 2239 781 2331 quit,
833 2240 1262 2312 consuetudo
1301 2239 1654 2334 pariendi,
1693 2239 2050 2332 satiusque
2079 2240 2476 2334 pampinos*
2503 2242 2716 2332 adju·—⁹

600 2351 785 2454 gatae
809 2363 1194 2455 detergere,
1225 2385 1450 2457 usque
1485 2385 1626 2457 quo
1667 2364 1933 2457 placeat
1960 2362 2270 2460 roborari
2311 2386 2488 2437 eam.
2530 2366 2707 2450 Quae
2835 2390 2847 2398 ·

599 2507 816 2579 quum
845 2489 1259 2576 excreverit,
1296 2490 1465 2562 satis
1503 2487 1701 2562 firma
1723 2487 2052 2584 protinus
2083 2489 2152 2559 in
2184 2490 2356 2580 jugo
2385 2489 2707 2562 collocari

596 2615 903 2687 debebit.
939 2615 1403 2688 Temen-arium
1432 2624 1718 2688 estante
1757 2614 2282 2688 crassitudinem
2304 2615 2708 2712 pollicarem

596 2740 721 2815 viti
776 2743 1138 2836 imperare.
1200 2741 1530 2832 Sequenti
1587 2761 1784 2822 anno,
1824 2739 2138 2834 palmites
2173 2750 2536 2814 serventur
2577 2763 2707 2835 pro

596 2863 867 2939 viribus
905 2865 1139 2940 matris
1186 2864 1439 2958 singuli
1474 2875 1595 2937 aut
1633 2864 1915 2957 gemini.
1959 2863 2171 2942 Iidem
2224 2875 2293 2940 et
2325 2875 2593 2957 secute,
2644 2868 2703 2937 si

595 2994 797 3087 coget
866 2992 1228 3066 infirmitas
1252 3041 1273 3080 ‚
1338 2990 1778 3064 nutriantur:
1829 2990 2168 3083 tertioque
2217 2991 2501 3064 demum
2556 2991 2704 3064 duo

538 3131 541 3138 ·
593 3119 1021 3210 adjiciantur,
1061 3119 1124 3189 N
1127 3126 1414 3190 ecsunt*
1426 3116 1655 3211 plures
1690 3114 2038 3208 quaternis
2079 3137 2385 3209 unquam
2421 3118 2706 3211 permit-

590 3242 801 3317 tendi.
830 3272 866 3309 n
1555 3329 1564 3336 .

689 3371 861 3446 Haeo
903 3368 1180 3462 quidem
1238 3367 1329 3440 de
1380 3367 1620 3461 primis
1671 3366 1869 3438 annis
1891 3366 2267 3442 vinearum
2322 3394 2364 3439 ε.
2398 3369 2694 3459 deinde,

589 3516 873 3591 quoque
910 3516 1118 3585 enac,
1163 3491 1410 3568 certior
1452 3492 1839 3566 habebatur
1887 3492 2169 3585 putandi
2207 3493 2407 3566 ratio.
2463 3495 2698 3570 Vitem

591 3624 682 3695 ad
727 3645 939 3696 unam
978 3621 1322 3713 virgulam
1372 3620 1747 3692 revocabat
1788 3628 2099 3730 putator,
2148 3618 2322 3690 duas
2380 3641 2700 3711 gemmas

579 3751 789 3842 juxta
848 3759 1101 3822 terram
1144 3747 1576 3841 relinquens
1632 3721 1776 3820 Nec
1827 3729 2249 3840 putationem
2279 3729 2698 3820 secundum

586 3875 950 3947 articulum
979 3872 1310 3961 faciebat,
1344 3892 1449 3944 ne.
1464 3868 1948 3948 reformidaret
1979 3868 2255 3955 oculus,
2279 3868 2406 3950 sed
2451 3870 2698 3942 medio

668 4049 748 4129 (1)
783 4069 812 4110 α
836 4052 961 4113 Nec
1000 4047 1266 4110 dubium
1304 4046 1451 4130 quin
1485 4045 1560 4109 sit
1593 4045 1819 4109 horum
1836 4042 2241 4125 virgultorum
2259 4050 2487 4107 natura
2516 4045 2691 4123 talis,

582 4163 651 4219 ut
671 4163 906 4241 quanto
936 4156 1243 4220 maturius
1262 4155 1519 4219 detonsa
1538 4153 1681 4231 sint,
1711 4153 1851 4234 plus
1875 4150 2172 4227 materiae,
2199 4157 2431 4232 quanto
2457 4154 2692 4233 serius,

583 4268 725 4348 plus
751 4270 992 4331 fructus
1019 4265 1306 4329 afferant.
1345 4286 1375 4325 a
1408 4264 1678 4340 Colum,
1708 4263 1933 4339 1v‚234
