2975 5159
1107 512 1497 582 ...33-

244 663 389 731 fere
418 660 807 731 internodio
833 667 901 730 et
937 657 1108 732 falce
1139 661 1446 755 obliqua,
1490 683 1576 734 ne
1605 674 1993 733 transversa
2026 660 2341 733 cicatrice

247 786 552 858 coelestis
591 783 1114 879 superincidens
1153 807 1337 880 aqua
1374 788 1867 859 contineretur.
1913 787 2120 877 Plaga
2155 808 2344 879 quo-

248 933 391 1005 que
416 932 553 982 non
580 912 779 1001 juxta
817 931 1192 1001 gemmam,
1223 913 1346 983 sed
1384 912 1737 1005 aliquanto
1769 911 2081 1004 superius
2110 910 2342 1001 fiebat,

251 1046 322 1108 et
359 1036 798 1108 avertebatur
836 1058 873 1106 a
909 1056 1178 1128 gemma
1213 1048 1493 1131 propter
1523 1040 1896 1132 lacrymam
1934 1036 2345 1123 defluentem

251 1184 418 1256 quae
468 1161 744 1234 oculum
799 1174 1092 1234 caecaret
1144 1171 1214 1233 et
1279 1163 1712 1235 frondescere
1774 1184 1911 1233 non
1985 1173 2348 1256 pateretur.

252 1288 459 1372 Quod
505 1288 563 1358 si
608 1298 889 1359 truncus
937 1287 1083 1358 sole
1118 1297 1236 1361 aut
1287 1288 1543 1381 pluviis
1590 1298 1711 1360 aut
1749 1286 1979 1359 noxiis
2032 1287 2352 1359 animali-

255 1412 405 1484 bus·
425 1421 603 1484 esset
649 1421 971 1497 cavatus,
1014 1413 1356 1507 purgabat
1404 1412 1746 1506 quidquid
1783 1425 1934 1484 erat
1970 1423 2345 1502 mortuum,

254 1539 638 1632 plagasque
673 1557 789 1609 eas
817 1558 1095 1609 amurca
1139 1537 1399 1611 linebat
1435 1547 1504 1608 et
1543 1550 1741 1609 terra.
1777 1536 2107 1609 Corticem
2152 1535 2355 1607 etiam

259 1663 556 1735 recisum
596 1672 665 1734 et
706 1662 1116 1755 pendentem
1158 1684 1200 1733 a
1236 1663 1378 1733 vite
1431 1662 1757 1749 tollebat,
1797 1683 1958 1755 quae
2003 1684 2112 1731 res
2152 1661 2364 1732 mino-

259 1811 413 1862 rem
442 1792 685 1861 faecem
711 1789 1000 1861 reddere
1026 1789 1397 1860 videbatur
1428 1787 1502 1858 in
1523 1787 1717 1860 vino.
1750 1788 1893 1859 Nec
1927 1810 2066 1859 non
2091 1797 2159 1859 et
2179 1809 2364 1859 mus·

263 1938 426 1988 cum
452 1916 736 1989 radebat
764 1914 1156 2007 ubicunque
1195 1924 1571 2008 repertum,
1606 1934 1687 1985 ac
1710 1911 2010 2005 denique
2039 1914 2095 1983 si
2129 1935 2361 1985 macra

265 2042 430 2114 vitis
463 2041 752 2114 idoneos
791 2041 1099 2135 palmites
1142 2060 1285 2111 non
1332 2039 1655 2125 haberet,
1693 2036 1782 2110 ad
1823 2047 2069 2112 terram
2106 2039 2365 2111 recide-

263 2167 391 2239 bat
428 2189 581 2239 eam
611 2177 687 2238 ut
717 2166 1122 2239 elicerentur
1153 2165 1337 2236 novi.

371 2291 732 2379 Caeterum,
777 2310 987 2381 quum
1033 2308 1206 2381 opus
1242 2285 1464 2357 obiret
1511 2294 1825 2379 putator,
1873 2284 2039 2376 tria,
2086 2306 2178 2362 ex
2219 2285 2368 2379 qui-

267 2413 406 2483 bus
455 2433 666 2482 unum
710 2411 1040 2482 omissum
1103 2409 1441 2480 attulisset
1500 2408 1787 2480 domino
1845 2408 2205 2502 dispendia
2257 2410 2365 2480 vel

272 2536 610 2624 maxima,
659 2535 1000 2631 praecipue
1046 2532 1502 2605 custodiebat.
1546 2534 1852 2617 Quorum
1896 2532 2189 2627 primum
2228 2543 2373 2607 erat

272 2669 355 2731 ut
403 2669 661 2733 attente
712 2658 956 2732 fructui
1005 2658 1425 2748 consuleret,
1482 2657 1813 2744 alterum,
1872 2667 1949 2727 ut
1995 2658 2064 2728 in
2114 2681 2371 2731 annum

274 2795 683 2877 sequentem
706 2786 900 2856 laetas
921 2784 1068 2873 jam
1091 2781 1254 2854 hinc
1274 2782 1561 2874 eligeret
1589 2780 1929 2871 materiae,
1955 2805 2038 2854 ac
2067 2784 2366 2872 tertium,

275 2918 359 2980 ut
384 2910 659 3003 longam
694 2908 884 3003 stirpi
917 2909 1411 3001 perennitatem
1446 2906 1856 3003 acquireret.
1893 2912 2116 2993 Quum
2144 2906 2373 2982 autem

277 3034 353 3106 in
391 3043 688 3127 quatuor
716 3044 942 3128 partes
979 3032 1398 3105 divideretur
1420 3033 1666 3126 jugata
1698 3032 1879 3119 vitis,
1908 3034 2190 3105 totidem
2220 3034 2380 3106 coeli

279 3158 604 3251 regiones
641 3158 1005 3252 aspicienS‚
1044 3157 1307 3230 variam
1348 3158 1789 3252 postulabant
1823 3158 2160 3230 rationem
2208 3179 2380 3254 qua-

281 3294 444 3354 tuor
488 3283 619 3355 illae
663 3282 1147 3355 declinationes
1196 3303 1354 3377 quae
1410 3283 1790 3355 contrarias
1834 3283 2009 3355 inter
2053 3305 2127 3355 se
2166 3285 2382 3378 quali·

283 3416 460 3479 tates
485 3407 856 3480 habebant.
906 3408 1140 3501 Itaque
1182 3427 1301 3502 per
1341 3406 1695 3479 meridiem
1742 3408 2055 3500 palmites
2088 3405 2378 3478 submit-

286 3532 476 3603 tebat
515 3533 766 3626 plureS‚
815 3548 903 3603 'ne
937 3543 1096 3604 ante
1133 3533 1601 3604 maturitatem
1632 3532 2091 3605 inarescerent
2120 3533 2379 3604 fructus

288 3667 411 3727 aut
452 3655 738 3728 nimium
779 3657 1025 3728 aestivo
1060 3657 1330 3729 fervore
1368 3656 1712 3729 laboraret
1750 3657 1976 3729 vinea.
2017 3657 2071 3727 E
2111 3667 2383 3729 contra·-

290 3780 426 3869 ri0,
459 3780 531 3851 in
570 3792 763 3876 parte
788 3780 1323 3874 septentrionali,
1362 3782 1586 3875 plagae
1625 3765 2381 3875 paucissimoe'fiebant,

291 3915 365 3978 et
395 3927 607 3977 unam
639 3905 815 3977 infra
844 3906 1222 3994 materiam,
1248 3906 1442 3999 jugo·
1470 3907 1867 4003 proximam
1887 3962 1903 3994 ,
1940 3914 2173 3977 custos
2206 3929 2383 3979 unus

292 4030 821 4102 submittebatur
876 4030 998 4123 qui
1055 4030 1259 4102 vitem
1314 4052 1482 4102 mox
1535 4030 1606 4101 in
1668 4049 1925 4104 annum
1992 4043 2376 4105 renovaret.

296 4154 469 4227 Aliis
514 4176 678 4227 vero
720 4155 789 4225 in
835 4155 1134 4249 partibus
1172 4157 1615 4228 materiarum
1659 4155 1941 4228 modum
1980 4157 2281 4229 dictabat
2314 4166 2383 4229 et

299 4280 425 4352 soli
451 4291 521 4351 et
557 4278 773 4373 ipsius
804 4279 1036 4373 stirpis
1070 4291 1324 4351 natura.

2109 4423 2138 4471 3
