2975 5159
1165 446 1555 544 -37—

509 622 793 686 viniferis
818 623 942 685 late
971 620 1229 684 florebat
1256 618 1557 684 Massicus
1588 617 1746 681 arvis
1775 638 1792 680 :

509 729 762 794 Miratur
785 746 1055 804 nemora,
1090 735 1153 792 et
1179 732 1462 791 rorantes
1491 727 1623 789 sole
1651 744 2006 792 racemos..

218 911 226 918 ·
317 894 625 987 Etenim,
682 897 739 966 si
779 895 1064 987 antiqua
1104 896 1411 967 locorum
1457 894 1738 966 nomina
1786 915 1946 967 cum
1979 893 2230 966 nostris
2284 915 2411 967 no-

316 1019 614 1091 minibus
668 1020 980 1094 conferre
1036 1020 1458 1093 voluerimus
1481 1074 1502 1109 ,
1568 1019 2029 1111 intelligemus
2106 1030 2408 1092 montem

315 1143 543 1230 illum,
585 1146 706 1239 qui
738 1148 1008 1218 Gaurus
1043 1167 1082 1216 a
1122 1144 1340 1218 Plinio
1383 1145 1791 1233 vocabatur,
1841 1167 2028 1216 nunc
2076 1150 2304 1216 Hocca
2342 1143 2425 1217 di

319 1266 798 1366 Mondragone
863 1280 1068 1363 atque
1141 1269 1344 1341 etiam
1420 1291 1724 1364 persaepe
1795 1275 2032 1340 Monte
2104 1271 2414 1344 Massico

318 1395 591 1488 vocari,
652 1417 1010 1489 parvoque
1050 1396 1409 1468 intervallo
1457 1394 1792 1470 distantes
1846 1395 1933 1470 ab
1990 1396 2118 1470 hoo
2175 1408 2413 1472 monte

318 1542 503 1592 nunc
541 1520 745 1594 etiam
799 1543 927 1596 nos
965 1520 1302 1593 habemus
1347 1521 1486 1606 duo
1538 1519 1771 1613 viem,
1829 1543 1867 1593 e
1916 1521 2171 1615 quibus
2215 1541 2417 1616 supe-

313 1644 452 1716 rior
490 1665 669 1717 unus
706 1644 1043 1716 Falciano
1092 1668 1140 1713 a
1172 1641 1408 1724 monte
1426 1701 1445 1733 ‚
1502 1643 1788 1722 inferior
1842 1647 2014 1718 alter
2068 1645 2410 1720 Falciano

318 1795 368 1843 a
410 1771 619 1843 basso
651 1782 975 1855 vocatur,
1010 1780 1078 1843 et
1110 1793 1410 1866 quorum
1447 1794 1700 1844 nomen
1741 1770 2079 1844 Falciano
2115 1771 2206 1844 ab
2241 1773 2422 1846 anti·

320 1920 462 1992 quo
514 1899 796 1973 nomine
841 1899 1312 1970 Faustianum
1356 1896 1727 1970 deductum
1771 1898 1979 1978 fuisse
2020 1899 2267 1974 merito
2307 1900 2418 1974 vi-

321 2022 549 2096 detur.
2093 2114 2098 2119 .

418 2148 864 2220 Falernorum
899 2156 1128 2219 autem
1165 2158 1234 2220 et
1268 2148 1538 2220 Massiei
1572 2170 1732 2241 quae
1764 2149 2023 2231 fuerint
2064 2151 2226 2222 olim
2274 2151 2417 2223 vir-

327 2285 504 2345 tutes
558 2274 612 2344 si
666 2272 1111 2367 requirimuS,
1162 2273 1555 2344 invenimus
1599 2274 1785 2367 apud
1833 2284 2153 2350 auotores
2180 2276 2267 2348 de
2307 2277 2424 2349 illa

325 2399 706 2493 quaestione
771 2397 1151 2471 sententias
1204 2419 1342 2470 non
1394 2398 1748 2472 obscuras.
1821 2399 2166 2474 Dixerunt
2230 2387 2448 2475 enim>

324 2524 639 2619 plerique
665 2492 1015 2596 Falernum
1046 2523 1273 2596 adhue
1302 2546 1568 2596 novum
1600 2523 1775 2602 adeo
1811 2524 2135 2596 acerbum
2165 2538 2235 2604 ,et
2261 2534 2421 2602 aere

326 2658 403 2720 ut
434 2648 580 2721 bibi
612 2650 736 2721 vix
772 2657 1029 2742 posset,
1074 2658 1142 2720 et
1177 2671 1295 2743 per
1333 2650 1584 2722 multos
1620 2670 1842 2722 annos
1873 2651 2419 2723 conservandum

328 2786 695 2869 antequam
727 2773 1154 2856 dulcedinem
1191 2773 1566 2868 quamdam
1608 2774 2016 2867 acquireret.
2065 2775 2429 2848 «.Indomi·

331 2914 474 2973 tum
510 2930 545 2967 »
578 2901 784 2972 etiam
826 2897 1091 2972 Persius
1119 2902 1261 2993 (l),
1307 2907 1377 2970 et
1409 2928 1443 2964 α
1475 2900 1727 2974 ardens
1750 2929 1784 2966 ιο
1828 2901 1999 2972 illud
2026 2903 2421 2997 appellabat

333 3027 653 3099 Horatius
669 3081 691 3114 ‚
724 3025 1007 3120 cupiens
1035 3024 1358 3100 ardorem
1397 3046 1592 3118 aqua
1607 3026 2088 3119 restinguere:

1026 3199 1244 3276 ...Quis
1272 3218 1429 3281 puer
1451 3199 1619 3264 ocius

768 3305 1129 3387 Restinguet
1154 3306 1424 3371 ardentis
1451 3307 1699 3372 Falerni

770 3415 997 3479 Pocula
1023 3419 1433 3495 praetereunte
1458 3414 1710 3497 lympha
1741 3415 1864 3497 (2ὶῖ

339 3582 482 3653 Non
517 3580 723 3673 igitur
763 3578 999 3675 primis
1036 3579 1121 3649 ab
1168 3580 1368 3651 annis
1401 3579 1768 3651 Massicum
1802 3579 2044 3651 bibere
2071 3582 2416 3675 solebant,

335 3708 482 3796 sed,
512 3709 568 3779 si
603 3703 808 3778 fidem
831 3705 1234 3776 adhibemus
1255 3707 1517 3777 Galeno
1542 3706 1660 3798 qui
1684 3728 1811 3777 nos
1827 3705 2062 3778 docuit
2087 3707 2421 3801 optimam

342 3833 644 3906 omnium
675 3831 997 3902 vinorum
1041 3838 1313 3902 aetatem
1360 3827 1491 3925 (3),
1538 3831 1898 3903 Falernum
1938 3831 2027 3903 ab
2067 3834 2265 3905 annis
2304 3833 2426 3905 de-

428 4021 503 4099 (1)
538 4019 690 4094 Sat„
722 4020 823 4092 III,
852 4019 915 4079 3.

431 4125 504 4210 (Ξ)
535 4126 687 4188 Hor.
725 4122 869 4199 Od„
895 4121 1003 4185 lib.
1035 4123 1107 4202 ΙΙ,
1129 4140 1209 4198 xi,
1244 4125 1343 4188 18.

432 4236 510 4314 (3)
542 4232 866 4311 Athen.,1,
897 4232 995 4292 24.
