2975 5159
1208 494 1304 508 ..-
1357 460 1398 524 7
1452 495 1549 507 ..-

339 607 705 684 vinorum
747 603 1265 713 multiplicem
1306 619 1560 682 artem
1607 630 1699 681 ao
1743 629 2032 708 genera
2078 602 2429 706 edocuit,

337 751 775 832 innumeris
829 751 1213 859 exemplis
1268 767 1432 829 tam
1488 778 1770 829 eorum
1827 777 2007 858 quae
2071 751 2158 830 in
2213 750 2437 832 Italia

338 927 717 1007 generosa
804 896 1313 977 habebantur
1381 924 1625 1004 quam
1696 924 1976 976 eorum
2041 924 2220 1004 quae
2274 900 2438 978 Ro·

340 1050 591 1131 manis
658 1064 957 1127 caeterae
1018 1062 1290 1151 gentes
1360 1043 1878 1124 celeberrima
1937 1044 2438 1153 praebebant.

340 1201 498 1279 Tot
523 1214 609 1276 et
652 1213 870 1276 tanta
911 1194 1149 1273 Plinii
1180 1192 1665 1273 documenta
1714 1192 1952 1273 nobis
1985 1212 2199 1274 certe
2246 1223 2439 1304 pro-

340 1348 688 1442 fuerunt,
723 1361 830 1444 et,
868 1360 959 1423 ut
993 1359 1295 1426 attente
1329 1341 1717 1423 Catonem
1762 1361 1841 1423 et
1877 1345 2322 1428 Varronem
2361 1363 2442 1425 et

338 1496 865 1579 Columellam
906 1514 988 1575 et
1019 1495 1444 1601 Virgilium
1475 1512 1556 1574 et
1590 1493 2032 1576 Palladium
2071 1497 2439 1603 legimus,

337 1649 445 1725 ita
481 1663 728 1754 atque
772 1644 1009 1724 etiam
1046 1643 1422 1722 attentius
1451 1646 1897 1751 praestantis
1936 1646 2151 1725 illius
2191 1648 2439 1756 scrip-

336 1794 537 1872 toris
582 1792 932 1871 historiae
969 1788 1311 1868 naturali
1342 1788 1819 1870 studuimus.

440 1941 670 2044 Quin
723 1957 803 2019 et
852 1938 1270 2036 Horatius»,
1331 1937 1746 2038 MartialiS,
1804 1939 2042 2019 Silius
2088 1941 2440 2043 Italicus,

337 2088 764 2196 caeterique
800 2103 1056 2196 poetae
1096 2084 1345 2163 multa
1371 2085 1743 2166 vinorum
1771 2112 2059 2191 genera
2087 2086 2440 2166 celebra-

337 2252 561 2338 runt,
596 2252 675 2314 et
706 2235 960 2314 varias
1005 2233 1336 2313 virtutes
1374 2233 1702 2314 illorum
1744 2231 2227 2342 quisbusdam
2264 2264 2440 2314 ver-

336 2383 458 2464 his
489 2410 1080 2490 nonnunquam
1110 2381 1350 2460 nobis
1374 2377 1952 2461 indicaverunt.

440 2533 817 2633 Quorum
869 2529 1139 2608 omnia
1185 2545 1582 2637 praecepta
1626 2556 1914 2635 magno
1955 2527 2222 2610 studio
2259 2559 2442 2639 per-

337 2680 786 2789 pendemus
808 2744 827 2774 ,
936 2679 1336 2786 rebusque
1433 2677 1857 2785 diligenter
1947 2683 2436 2791 compositiS,

340 2832 589 2913 verba
624 2832 789 2940 jam
826 2831 1201 2912 faciemus
1253 2846 1332 2909 1⁰
1364 2829 1461 2909 de
1497 2830 1818 2927 vitibus,
1856 2839 1937 2911 2⁰
1957 2832 2059 2911 de
2084 2828 2323 2913 vimis·⁸
