2975 5159
1469 493 1569 510 ..-
1611 457 1713 525 78
1764 493 1862 512 ..-

617 621 743 696 per
789 602 1061 675 vicinos
1098 611 1367 678 meatus
1415 606 1766 676 manantia
1827 606 1994 679 vina
2043 607 2539 680 defundebant.
2597 611 2718 683 At-

616 749 757 821 que
792 727 1025 819 eliam,
1074 729 1132 799 si
1168 730 1369 825 eopia
1405 730 1685 824 liquoris
1727 732 1938 823 maJor
1978 743 2177 820 esset,
2213 736 2409 827 cupis
2433 736 2718 827 quibus-

614 851 772 923 dam
808 874 974 926 suus
1000 864 1150 925 erat
1179 856 1370 927 loeus
1401 881 1419 925 t
1451 865 1521 927 et
1562 835 1624 928 111
1662 857 1857 927 locus
1889 856 1982 928 ad
2029 857 2378 930 6616616111
2409 858 2717 934 similitu-

616 976 846 1052 dinem
895 989 1194 1052 testaceo
1243 981 1639 1073 pavimento
1683 980 2117 1060 solidabatur
2171 984 2405 1071 itaut,
2448 983 2506 1080 61
2540 1006 2718 1079 cupa

617 1102 843 1174 subito
865 1103 1111 1176 diffusa
1128 1102 1465 1190 fluxisset,
1486 1104 1597 1176 illa
1618 1126 1782 1199 quae
1797 1105 1964 1177 fluxi
1976 1117 2170 1179 ssent
2199 1108 2365 1179 vina
2392 1110 2541 1179 lacu
2557 1109 2717 1180 sub-

613 1227 759 1302 dito
803 1228 1107 1322 protinus
1134 1230 1614 1323 exciperentur
1639 1253 1779 1303 non
1807 1230 2134 1328 peritura.
2173 1232 2508 1324 Equidem
2549 1235 2718 1306 tales

613 1353 1078 1454 Romanorum
1109 1356 1315 1427 cellae
1346 1377 1505 1427 eum
1539 1356 1788 1428 nostris
1811 1378 1985 1450 quas
2021 1358 2091 1426 in
2124 1356 2341 1430 Gallia
2378 1379 2566 1429 nuno
2590 1358 2715 1430 ha-

618 1478 858 1549 bemus
923 1480 1213 1551 libenter
1272 1451 1715 1554 contulissein
1754 1505 1777 1549 .-
1811 1493 2068 1554 nostrae
2113 1494 2341 1553 lamen
2393 1481 2718 1577 imposita

616 1612 794 1676 terra
824 1604 1106 1676 omnino
1138 1604 1557 1692 conduntur,
1597 1607 1724 1678 sed
1752 1606 1936 1677 hune
1972 1605 2250 1678 aedificii
2289 1606 2714 1681 subterranei

617 1729 899 1802 modum
948 1731 1373 1821 ignoravisse
1409 1732 1700 1804 Romani
1735 1732 2082 1804 videnlur.

713 1856 789 1924 In
829 1856 1015 1928 cellis
1052 1856 1216 1928 vina
1243 1855 1577 1929 debiliora
1615 1858 1872 1929 servari
1910 1859 2250 1947 solebant,
2287 1859 2503 1933 sedin
2551 1881 2716 1954 apo·

617 1976 826 2054 thecis
859 1981 1225 2055 nobiliora.
1270 1980 1648 2076 Apothecae
1684 1983 1961 2077 quidem
2005 1984 2245 2078 primis
2280 1985 2355 2055 in
2393 1985 2720 2079 tempori-

613 2102 749 2176 bus
790 2116 1055 2180 tantum
1107 2118 1304 2180 erant
1345 2108 1477 2180 loci
1518 2109 1589 2179 iu
1649 2107 1902 2202 quibus
1946 2129 2191 2182 aurum
2249 2119 2317 2181 61
2353 2121 2716 2212 argeutum

606 2239 684 2306 et
713 2253 826 2312 res
872 2254 1115 2305 omnes
1160 2231 1676 2328 pretiosissimae
1719 2233 2084 2324 diligenter
2118 2244 2188 2305 61
2222 2244 2540 2308 accurate
2575 2257 2719 2310 ser-

612 2357 996 2448 vabantur3
1031 2382 1195 2432 nam
1231 2359 1413 2454 apud
1450 2360 1828 2431 Homerum
1878 2360 2167 2451 legimus
2202 2360 2708 2451 Telemachum,

600 2506 825 2578 *quum
872 2485 943 2556 in
983 2506 1065 2557 eo
1105 2495 1284 2556 esset
1318 2495 1390 2554 ut
1435 2482 2004 2577 proficisceretur,
2053 2483 2121 2555 in
2167 2497 2506 2556 summum
2539 2507 2708 2558 6611-

602 2608 802 2692 ,elave
851 2614 1066 2706 patris
1104 2607 1536 2698 ascendisse,
1579 2620 1649 2681 61
1690 2609 2027 2682 Homerus
2083 2611 2261 2682 hane
2310 2632 2701 2708 supremam

594 2722 870 2832 ‘partem
924 2733 1181 2808 aedium
1246 2734 1459 2806 veluti
1518 2734 1911 2807 thesaurum
1970 2736 2339 2832 quemdam
2389 2735 2703 2808 omnium

608 2859 1008 2933 divitiarum
1052 2860 1420 2946 describit,
1464 2860 1748 2957 illasque
1793 2883 2035 2936 omnes
2075 2861 2251 2936 111161
2295 2859 2568 2936 divilias
2604 2860 2707 2931 vi·

606 3008 772 3058 num
820 2986 1079 3060 indicat
1124 3011 1140 3068 ς

971 3175 1066 3239 Ἐν
1093 3174 1150 3238 δὲ
1177 3175 1319 3237 πίθοι
1342 3174 1504 3237 οἴνοιο
1528 3178 1754 3237 παλαιοῦ
1781 3174 2069 3250 ἡδυπόῗοιο

965 3281 1522 3365 Ἐπασαᾶκρητοη
1547 3288 1684 3346 θεῖον
1709 3281 1890 3355 πυόν,
1918 3282 2290 3365 ἐντὸςέχονξεᾴ

965 3388 1177 3464 Ἑξείης
1204 3392 1327 3452 *troii
1360 3399 1536 3473 τοῖχον
1564 3389 1816 3475 ἀρήροτις
1840 3391 1945 3473 (1).

704 3559 893 3641 Tune
920 3564 1129 3660 igilur
1158 3568 1397 3642 vinum
1425 3569 1558 3640 sub
1586 3579 1765 3641 16616
1794 3571 1937 3661 jam
1965 3569 2375 3664 ponebatur,
2399 3568 2538 3641 ‘sed
2560 3588 2700 3642 non

606 3708 822 3767 uuum
878 3693 947 3764 in
1010 3694 1287 3789 proprio
1332 3694 1528 3785 loe03
1588 3705 1653 3765 61
1714 3693 1912 3764 hune
1940 3715 2142 3764 usum
2193 3695 2382 3788 apud
2421 3694 2702 3767 Graeoos

589 3831 810 3915 ‚atque
839 3818 1043 3891 eliam
1082 3819 1269 3912 apud
1296 3820 1642 3891 Romanos
1681 3818 1800 3889 diu
1838 3818 2046 3889 fuisse
2082 3819 2572 3892 6161161611661.
2609 3817 2703 3890 At

602 3946 931 4039 paulatim
963 3945 1181 4035 major
1205 3964 1285 4015 ae
1320 3944 1538 4035 major
1572 3943 1640 4013 in
1677 3942 1825 4014 dies
1863 3944 2036 4013 facia
2073 3943 2198 4013 fuit
2229 3965 2339 4014 ars
2371 3943 2700 4020 servandi

600 4069 924 4164 liquoris,
977 4081 1047 4141 61
1090 4068 1448 4162 apothecae
1506 4067 1620 4138 lali
1671 4067 1881 4140 modo
1929 4078 2206 4140 slruetae
2244 4069 2520 4166 1116111111
2553 4089 2700 4163 quo

683 4250 763 4327 (1)
794 4247 978 4311 Hom.
1013 4245 1156 4323 ΟΦ,
1186 4244 1259 4323 11,
1293 4248 1431 4309 340.-
