2975 5159
1086 517 1197 567 “-—
1248 515 1490 583 77—-

253 663 453 755 luna,
525 665 771 753 imbre,
845 663 1069 739 ventis
1128 665 1561 759 aptissimum
1623 641 2005 734 videbatur.
2076 662 2342 757 Saepius

232 790 544 863 ·ver0³in
594 791 784 864 cellis
834 802 949 863 aut
1005 787 1078 861 in
1118 790 1514 885 'apothecis'
1552 787 1815 859 vinaria
1876 809 2043 859 vasa
2103 808 2343 862 serva-

254 915 420 990 bant
442 914 572 1013 (1).
1811 891 1814 896 λ

357 1042 614 1113 Cellam
653 1041 861 1134 igitur
903 1040 1405 1114 submovebant
1445 1038 1682 1135 procul
1737 1060 1778 1110 a
1816 1038 2128 1128 balineis,
2176 1048 2347 1110 ster-

236 1164 575 1260 quilinio,
626 1165 1049 1261 reliquisque
1100 1164 1555 1238 immunditiis
1612 1174 1855 1237 tetrum
1896 1163 2185 1236 odorem
2217 1159 2351 1256 spi-

255 1291 572 1363 rantibus
613 1321 630 1362 :
672 1314 799 1364 nec
841 1291 1077 1363 minus
1115 1311 1157 1363 a
1212 1290 1525 1364 cisternis
1583 1288 1871 1383 aquisve
1925 1287 2345 1375 salientibuS,

259 1416 516 1510 quibus
582 1415 969 1489 extrahitur
1030 1418 1318 1504 humor,
1391 1416 1513 1509 qui
1606 1415 1844 1486 viuum
1917 1432 2356 1508 corrumpere

234 1540 622 1614 dicebatur
649 1540 787 1638 (2).
863 1542 1054 1614 Illam
1111 1563 1390 1636 quoque
1462 1540 1905 1636 septentrioni
1974 1538 2354 1633 oppositam

258 1665 613 1741 habebant
652 1666 971 1757 frigidam
1005 1665 1136 1761 (3),
1193 1688 1319 1738 neo
1360 1665 1557 1737 aliter
1590 1665 1662 1735 in
1712 1665 1873 1735 villa
1909 1657 2214 1758 disponit
2252 1657 2358 1734 Vi—

263 1792 534 1864 truvius
575 1791 697 1884 qui
732 1814 861 1865 nos
893 1790 1096 1864 docet
1131 1792 1264 1862 hoc
1309 1787 1727 1885 praeceptum
1768 1816 1783 1859 ε
1822 1818 1854 1854 «
1884 1789 2203 1860 Torcular
2237 1788 2361 1860 'na-

232 1916 430 1989 ‘beat
483 1917 915 2008 conjunctam
965 1915 1304 1989 vinariam
1349 1916 1616 2006 cellam,
1670 1914 2038 1987 habentem
2082 1914 2168 1986 ad
2208 1935 2361 2009 sep-

263 2041 745 2113 tentrionalem
806 2042 1063 2114 lumina
1134 2043 1625 2130 fenestrarum3
1709 2060 1926 2132 quum
1986 2035 2170 2111 enim
2230 2038 2396 2111 alia.

266 2181 467 2261 parte
501 2166 843 2258 habuerit,
885 2189 1024 2259 qua
1067 2168 1167 2240 sol
1212 2167 1579 2239 calefacere
1611 2164 1852 2259 possit,
1894 2165 2130 2235 vinum
2174 2163 2367 2255 quod

266 2293 401 2388 erit
440 2292 513 2363 in
550 2314 635 2374 ea
661 2293 855 2381 cella,
889 2294 1254 2365 confusum
1286 2279 1384 2365 'ab
1427 2293 1653 2364 calore
1698 2289 2031 2363 efficietur
2061 2287 2365 2361 imbecil-

266 2418 415 2494 lum
455 2416 591 2514 (4).
632 2449 666 2486 a>
704 2418 817 2492 Sic
864 2428 1091 2491 autem
1142 2419 1348 2490 rebus
1391 2416 1792 2490 necessariis
1840 2417 2025 2488 illam
2066 2415 2366 2487 instrue-

264 2543 448 2616 bant
484 2555 561 2615 ut
600 2542 1021 2616 vindemiam
1060 2544 1171 2616 vel
1227 2542 1559 2638 optimam
1603 2540 1952 2615 continere
2006 2550 2261 2636 posset,
2300 2549 2371 2611 et

265 2669 386 2744 tali
458 2668 664 2740 modo
733 2668 1188 2763 disponebant
1237 2697 1254 2742 :
1300 2668 1368 2738 in
1420 2667 1676 2740 altiore
1721 2669 1873 2740 loco
1930 2665 2369 2742 calcatorium

266 2791 773 2865 construebant
807 2792 895 2864 ad
924 2792 1137 2886 quod
1187 2793 1365 2864 inter
1399 2792 1578 2865 duos
1624 2793 1833 2882 lacuS,
1890 2792 2008 2885 qui
2049 2790 2141 2864 ad
2181 2790 2369 2863 exci-

248 2916 534 3012 ‘pienda
581 2913 746 2990 vina
774 2916 1124 2989 hincinde
1151 2917 1732 3012 deprimebantur,
1790 2915 2119 3008 gradibus
2155 2917 2372 2988 tribus

267 3042 419 3113 fere
460 3051 581 3113 aut
616 3056 912 3133 quatuor
944 3041 1415 3114 ascenderent.
1469 3042 1569 3112 Ex
1621 3040 1728 3114 his
1780 3042 2062 3113 lacubus
2101 3042 2373 3113 canales

269 3167 519 3237 structi
553 3167 663 3237 vel
695 3166 840 3237 tubi
881 3166 1121 3242 fictiles
1153 3188 1375 3260 usque
1411 3166 1502 3238 ad
1531 3177 1883 3244 extremos
1908 3167 2199 3261 parietes
2229 3189 2375 3238 cur-

269 3290 552 3379 rebant,
612 3290 790 3362 etin
838 3290 1024 3364 dolia
1063 3313 1225 3385 quae
1263 3291 1464 3372 lateri
1514 3291 1792 3386 parietis
1838 3290 2377 3383 subjiciebantur

364 3439 456 3521 (1)
493 3439 706 3502 «Item
736 3440 965 3506 coelum
994 3440 1317 3524 praebent:
1355 3439 1499 3504 alibi
1530 3455 1674 3504 vero
1716 3440 1898 3506 tentis
1935 3439 2243 3522 impositis
2282 3460 2380 3503 ar·

271 3553 452 3612 cent.
486 3568 518 3606 »
554 3545 716 3613 Plin.

371 3654 462 3739 (2)
489 3651 661 3718 Conf.
690 3654 942 3731 Pallad.‚
980 3656 1021 3731 l,
1051 3658 1150 3719 18.

374 3761 465 3845 (3)
490 3783 520 3823 α
536 3763 723 3826 Latus
746 3762 924 3826 cellae
946 3762 1214 3841 vinariae,
1243 3763 1331 3828 ait
1348 3762 1600 3839 PliniuS,
1630 3768 1737 3826 aut
1763 3769 1929 3828 certe
1945 3763 2248 3830 fenestras
2274 3762 2383 3831 oh·

279 3869 450 3936 verti
473 3868 538 3933 in
567 3870 941 3952 Aquilonem
969 3878 1282 3951 oportere,
1308 3871 1401 3935 vel
1429 3870 1640 3953 utique
1666 3871 1730 3933 in
1756 3879 2038 3935 exortum
2072 3873 2385 3955 aequinoc-

284 3977 536 4043 tialem.
562 3979 780 4058 Neque
811 3976 889 4038 ab
921 3994 996 4039 eo
1034 3975 1316 4040 dissentit
1337 3975 1649 4039 Palladius
1678 3993 1696 4038 ε
1730 3976 1950 4039 cellam
1987 3979 2386 4059 septentrioni

257 4083 608 4148 ,debemus
628 4082 871 4146 habere
887 4083 1255 4164 oppositam,
1280 4081 1599 4162 frigidam,
1630 4082 1960 4146 obscuram
1984 4083 2080 4147 vel
2110 4084 2385 4150 obscurae

288 4188 668 4273 proximam.
695 4179 728 4247 ω’
771 4179 843 4269 (Ιζ
868 4193 987 4269 18.)
1019 4188 1194 4252 Con'f.
1230 4206 1476 4272 quoque
1503 4190 1771 4268 Colum„
1802 4192 1848 4268 1,
1877 4194 1940 4253 6.

391 4294 480 4377 (4)
508 4295 766 4373 vitruv„
790 4297 893 4372 VI,
925 4301 984 4360 6.
1919 4293 1924 4302 ’
