<?xml version="1.0" encoding="UTF-8"?>
<!DOCTYPE html PUBLIC "-//W3C//DTD XHTML 1.0 Transitional//EN"
    "http://www.w3.org/TR/xhtml1/DTD/xhtml1-transitional.dtd">
<html xmlns="http://www.w3.org/1999/xhtml" xml:lang="en" lang="en">
 <head>
  <title>
</title>
<meta http-equiv="Content-Type" content="text/html;charset=utf-8" />
  <meta name='ocr-system' content='tesseract 3.04.00' />
  <meta name='ocr-capabilities' content='ocr_page ocr_carea ocr_par ocr_line ocrx_word'/>
</head>
<body>
  <div class='ocr_page' id='page_1' title='image "./devitibusatquev00lamagoog_0065.png"; bbox 0 0 2975 5159; ppageno 0'>
   <div class='ocr_carea' id='block_1_1' title="bbox 1119 488 1512 557">
    <p class='ocr_par' dir='ltr' id='par_1_1' title="bbox 1119 488 1512 557">
     <span class='ocr_line' id='line_1_1' title="bbox 1119 488 1512 557; baseline -0.003 -17"><span class='ocrx_word' id='word_1_1' title='bbox 1119 488 1512 557; x_wconf 75' lang='lat'>-51-</span> 
     </span>
    </p>
   </div>
   <div class='ocr_carea' id='block_1_2' title="bbox 263 632 2369 981">
    <p class='ocr_par' dir='ltr' id='par_1_2' title="bbox 263 632 2369 981">
     <span class='ocr_line' id='line_1_2' title="bbox 263 632 2363 729; baseline 0.002 -25"><span class='ocrx_word' id='word_1_2' title='bbox 263 632 679 706; x_wconf 90' lang='lat' dir='ltr'>demiatores</span> <span class='ocrx_word' id='word_1_3' title='bbox 721 634 864 727; x_wconf 88' lang='lat' dir='ltr'>qui,</span> <span class='ocrx_word' id='word_1_4' title='bbox 900 636 1121 729; x_wconf 90' lang='lat' dir='ltr'>pretio</span> <span class='ocrx_word' id='word_1_5' title='bbox 1165 637 1379 724; x_wconf 81' lang='lat' dir='ltr'>dicto,</span> <span class='ocrx_word' id='word_1_6' title='bbox 1436 637 1748 710; x_wconf 89' lang='lat' dir='ltr'>laborem</span> <span class='ocrx_word' id='word_1_7' title='bbox 1786 636 2161 714; x_wconf 73' lang='lat' dir='ltr'>efficerent:</span> <span class='ocrx_word' id='word_1_8' title='bbox 2203 639 2363 710; x_wconf 88' lang='lat' dir='ltr'>Pre-</span> 
     </span>
     <span class='ocr_line' id='line_1_3' title="bbox 270 758 2365 854; baseline 0.003 -27"><span class='ocrx_word' id='word_1_9' title='bbox 270 758 362 829; x_wconf 86' lang='lat' dir='ltr'>tio</span> <span class='ocrx_word' id='word_1_10' title='bbox 392 758 601 832; x_wconf 87' lang='lat' dir='ltr'>etiam</span> <span class='ocrx_word' id='word_1_11' title='bbox 634 781 935 854; x_wconf 73' lang='lat' dir='ltr'>persaepe</span> <span class='ocrx_word' id='word_1_12' title='bbox 961 761 1282 854; x_wconf 82' lang='lat' dir='ltr'>quaedam</span> <span class='ocrx_word' id='word_1_13' title='bbox 1312 762 1740 836; x_wconf 80' lang='lat' dir='ltr'>conditiones</span> <span class='ocrx_word' id='word_1_14' title='bbox 1768 763 2226 854; x_wconf 79' lang='lat' dir='ltr'>addebantur,</span> <span class='ocrx_word' id='word_1_15' title='bbox 2256 764 2365 850; x_wconf 77' lang='lat' dir='ltr'>in-</span> 
     </span>
     <span class='ocr_line' id='line_1_4' title="bbox 268 887 2369 981; baseline 0.003 -28"><span class='ocrx_word' id='word_1_16' title='bbox 268 890 374 954; x_wconf 90' lang='lat' dir='ltr'>ter</span> <span class='ocrx_word' id='word_1_17' title='bbox 413 905 588 975; x_wconf 88' lang='lat' dir='ltr'>quas</span> <span class='ocrx_word' id='word_1_18' title='bbox 635 907 846 956; x_wconf 91' lang='lat' dir='ltr'>unam</span> <span class='ocrx_word' id='word_1_19' title='bbox 895 887 1241 981; x_wconf 76' lang='lat' dir='ltr'>praecipue</span> <span class='ocrx_word' id='word_1_20' title='bbox 1285 889 1617 960; x_wconf 85' lang='lat' dir='ltr'><strong>miramur</strong></span> <span class='ocrx_word' id='word_1_21' title='bbox 1654 913 1669 957; x_wconf 91' lang='lat'>:</span> <span class='ocrx_word' id='word_1_22' title='bbox 1718 910 1874 959; x_wconf 89' lang='lat' dir='ltr'>nam</span> <span class='ocrx_word' id='word_1_23' title='bbox 1928 888 2076 960; x_wconf 87' lang='lat' dir='ltr'>haec</span> <span class='ocrx_word' id='word_1_24' title='bbox 2107 898 2253 960; x_wconf 87' lang='lat' dir='ltr'>erat</span> <span class='ocrx_word' id='word_1_25' title='bbox 2293 898 2369 960; x_wconf 88' lang='lat' dir='ltr'>ut</span> 
     </span>
    </p>
   </div>
   <div class='ocr_carea' id='block_1_3' title="bbox 267 1006 2369 1229">
    <p class='ocr_par' dir='ltr' id='par_1_3' title="bbox 267 1006 2369 1229">
     <span class='ocr_line' id='line_1_5' title="bbox 267 1006 2369 1107; baseline 0.001 -28"><span class='ocrx_word' id='word_1_26' title='bbox 267 1006 733 1080; x_wconf 84' lang='lat' dir='ltr'>vindemiator</span> <span class='ocrx_word' id='word_1_27' title='bbox 794 1018 1191 1086; x_wconf 81' lang='lat' dir='ltr'><strong>auctoratus</strong></span> <span class='ocrx_word' id='word_1_28' title='bbox 1252 1029 1495 1104; x_wconf 80' lang='lat' dir='ltr'>rogum</span> <span class='ocrx_word' id='word_1_29' title='bbox 1560 1033 1642 1084; x_wconf 86' lang='lat' dir='ltr'>ae</span> <span class='ocrx_word' id='word_1_30' title='bbox 1706 1011 2035 1083; x_wconf 87' lang='lat' dir='ltr'>tumulum</span> <span class='ocrx_word' id='word_1_31' title='bbox 2084 1012 2369 1107; x_wconf 81' lang='lat' dir='ltr'>excipe·</span> 
     </span>
     <span class='ocr_line' id='line_1_6' title="bbox 272 1131 540 1229; baseline -0.004 -25"><span class='ocrx_word' id='word_1_32' title='bbox 272 1143 376 1204; x_wconf 88' lang='lat' dir='ltr'>ret</span> <span class='ocrx_word' id='word_1_33' title='bbox 411 1131 540 1229; x_wconf 77' lang='lat' dir='ltr'>(l).</span> 
     </span>
    </p>
   </div>
   <div class='ocr_carea' id='block_1_4' title="bbox 1262 1360 1384 1428">
    <p class='ocr_par' dir='ltr' id='par_1_4' title="bbox 1262 1360 1384 1428">
     <span class='ocr_line' id='line_1_7' title="bbox 1262 1360 1384 1428; baseline -0.016 0"><span class='ocrx_word' id='word_1_34' title='bbox 1262 1360 1384 1428; x_wconf 77' lang='lat'><em>111.</em></span> 
     </span>
    </p>
   </div>
   <div class='ocr_carea' id='block_1_5' title="bbox 1071 1547 1600 1624">
    <p class='ocr_par' dir='ltr' id='par_1_5' title="bbox 1071 1547 1600 1624">
     <span class='ocr_line' id='line_1_8' title="bbox 1071 1547 1600 1624; baseline -0.002 -4"><span class='ocrx_word' id='word_1_35' title='bbox 1071 1557 1178 1620; x_wconf 76' lang='lat' dir='ltr'>De</span> <span class='ocrx_word' id='word_1_36' title='bbox 1204 1547 1600 1624; x_wconf 70' lang='lat' dir='ltr'>vindemia.</span> 
     </span>
    </p>
   </div>
   <div class='ocr_carea' id='block_1_6' title="bbox 237 1760 2415 3862">
    <p class='ocr_par' dir='ltr' id='par_1_6' title="bbox 279 1760 2391 2482">
     <span class='ocr_line' id='line_1_9' title="bbox 376 1760 2386 1858; baseline -0 -24"><span class='ocrx_word' id='word_1_37' title='bbox 376 1764 527 1849; x_wconf 90' lang='lat' dir='ltr'>Quo</span> <span class='ocrx_word' id='word_1_38' title='bbox 556 1763 926 1858; x_wconf 79' lang='lat' dir='ltr'>benignius</span> <span class='ocrx_word' id='word_1_39' title='bbox 956 1764 1269 1838; x_wconf 82' lang='lat' dir='ltr'>faverent</span> <span class='ocrx_word' id='word_1_40' title='bbox 1304 1763 1399 1835; x_wconf 92' lang='lat' dir='ltr'>dii</span> <span class='ocrx_word' id='word_1_41' title='bbox 1425 1762 1823 1848; x_wconf 80' lang='lat' dir='ltr'>vindemiae,</span> <span class='ocrx_word' id='word_1_42' title='bbox 1857 1762 1945 1833; x_wconf 86' lang='lat' dir='ltr'>ab</span> <span class='ocrx_word' id='word_1_43' title='bbox 1977 1760 2174 1833; x_wconf 86' lang='lat' dir='ltr'>initio</span> <span class='ocrx_word' id='word_1_44' title='bbox 2201 1761 2386 1833; x_wconf 90' lang='lat' dir='ltr'>labo-</span> 
     </span>
     <span class='ocr_line' id='line_1_10' title="bbox 279 1885 2387 1979; baseline -0 -20"><span class='ocrx_word' id='word_1_45' title='bbox 279 1888 375 1959; x_wconf 85' lang='lat' dir='ltr'>ris</span> <span class='ocrx_word' id='word_1_46' title='bbox 424 1887 830 1960; x_wconf 84' lang='lat' dir='ltr'>saerificium</span> <span class='ocrx_word' id='word_1_47' title='bbox 884 1889 1147 1963; x_wconf 87' lang='lat' dir='ltr'>institui</span> <span class='ocrx_word' id='word_1_48' title='bbox 1193 1889 1498 1979; x_wconf 89' lang='lat' dir='ltr'>solebat;</span> <span class='ocrx_word' id='word_1_49' title='bbox 1562 1898 1703 1960; x_wconf 87' lang='lat' dir='ltr'>tum</span> <span class='ocrx_word' id='word_1_50' title='bbox 1768 1885 2160 1960; x_wconf 89' lang='lat' dir='ltr'>sacerdotes</span> <span class='ocrx_word' id='word_1_51' title='bbox 2214 1909 2387 1959; x_wconf 89' lang='lat' dir='ltr'>non-</span> 
     </span>
     <span class='ocr_line' id='line_1_11' title="bbox 282 2011 2381 2110; baseline -0.004 -20"><span class='ocrx_word' id='word_1_52' title='bbox 282 2015 454 2090; x_wconf 84' lang='lat' dir='ltr'>nulli</span> <span class='ocrx_word' id='word_1_53' title='bbox 510 2015 883 2088; x_wconf 87' lang='lat' dir='ltr'>veniebant</span> <span class='ocrx_word' id='word_1_54' title='bbox 921 2015 993 2087; x_wconf 93' lang='lat' dir='ltr'>in</span> <span class='ocrx_word' id='word_1_55' title='bbox 1038 2016 1298 2110; x_wconf 82' lang='lat' dir='ltr'>vineta,</span> <span class='ocrx_word' id='word_1_56' title='bbox 1343 2026 1412 2086; x_wconf 89' lang='lat' dir='ltr'>et</span> <span class='ocrx_word' id='word_1_57' title='bbox 1452 2036 1660 2086; x_wconf 86' lang='lat' dir='ltr'>ovem</span> <span class='ocrx_word' id='word_1_58' title='bbox 1707 2011 1861 2085; x_wconf 90' lang='lat' dir='ltr'>Jovi</span> <span class='ocrx_word' id='word_1_59' title='bbox 1897 2012 2320 2084; x_wconf 77' lang='lat' dir='ltr'>mulctabant</span> <span class='ocrx_word' id='word_1_60' title='bbox 2363 2037 2381 2081; x_wconf 76' lang='lat' dir='ltr'><em>z</em></span> 
     </span>
     <span class='ocr_line' id='line_1_12' title="bbox 280 2137 2391 2234; baseline -0.003 -21"><span class='ocrx_word' id='word_1_61' title='bbox 280 2141 410 2213; x_wconf 84' lang='lat' dir='ltr'>sed</span> <span class='ocrx_word' id='word_1_62' title='bbox 447 2152 816 2233; x_wconf 87' lang='lat' dir='ltr'>antequam</span> <span class='ocrx_word' id='word_1_63' title='bbox 851 2141 1147 2214; x_wconf 85' lang='lat' dir='ltr'>victimae</span> <span class='ocrx_word' id='word_1_64' title='bbox 1184 2140 1636 2233; x_wconf 81' lang='lat' dir='ltr'>subjiceretur</span> <span class='ocrx_word' id='word_1_65' title='bbox 1671 2138 1873 2234; x_wconf 81' lang='lat' dir='ltr'>igniS,</span> <span class='ocrx_word' id='word_1_66' title='bbox 1915 2158 2085 2210; x_wconf 87' lang='lat' dir='ltr'>uvas</span> <span class='ocrx_word' id='word_1_67' title='bbox 2122 2137 2391 2231; x_wconf 87' lang='lat' dir='ltr'>aliquas</span> 
     </span>
     <span class='ocr_line' id='line_1_13' title="bbox 283 2261 2382 2360; baseline -0.001 -25"><span class='ocrx_word' id='word_1_68' title='bbox 283 2266 699 2359; x_wconf 84' lang='lat' dir='ltr'>premebant</span> <span class='ocrx_word' id='word_1_69' title='bbox 739 2275 808 2338; x_wconf 90' lang='lat' dir='ltr'>et</span> <span class='ocrx_word' id='word_1_70' title='bbox 836 2267 1118 2339; x_wconf 80' lang='lat' dir='ltr'>ductum</span> <span class='ocrx_word' id='word_1_71' title='bbox 1142 2288 1235 2339; x_wconf 82' lang='lat' dir='ltr'>ex</span> <span class='ocrx_word' id='word_1_72' title='bbox 1270 2266 1403 2337; x_wconf 86' lang='lat' dir='ltr'>illis</span> <span class='ocrx_word' id='word_1_73' title='bbox 1427 2265 1768 2360; x_wconf 91' lang='lat' dir='ltr'>liquorem</span> <span class='ocrx_word' id='word_1_74' title='bbox 1811 2262 2195 2335; x_wconf 76' lang='lat' dir='ltr'>offerebant</span> <span class='ocrx_word' id='word_1_75' title='bbox 2222 2261 2382 2335; x_wconf 81' lang='lat' dir='ltr'>deo,</span> 
     </span>
     <span class='ocr_line' id='line_1_14' title="bbox 285 2385 2390 2482; baseline -0.001 -23"><span class='ocrx_word' id='word_1_76' title='bbox 285 2388 464 2473; x_wconf 82' lang='lat' dir='ltr'>Quae</span> <span class='ocrx_word' id='word_1_77' title='bbox 482 2389 1128 2482; x_wconf 80' lang='lat' dir='ltr'>quidemsacrificia</span> <span class='ocrx_word' id='word_1_78' title='bbox 1159 2392 1589 2466; x_wconf 82' lang='lat' dir='ltr'>vocabantur</span> <span class='ocrx_word' id='word_1_79' title='bbox 1623 2387 1908 2460; x_wconf 77' lang='lat' dir='ltr'>Rustica</span> <span class='ocrx_word' id='word_1_80' title='bbox 1950 2385 2241 2458; x_wconf 78' lang='lat' dir='ltr'>Vinalia</span> <span class='ocrx_word' id='word_1_81' title='bbox 2262 2385 2390 2482; x_wconf 75' lang='lat'><strong>(2).</strong></span> 
     </span>
    </p>

    <p class='ocr_par' dir='ltr' id='par_1_7' title="bbox 237 2513 2415 3862">
     <span class='ocr_line' id='line_1_15' title="bbox 387 2513 2395 2609; baseline -0.001 -23"><span class='ocrx_word' id='word_1_82' title='bbox 387 2513 529 2587; x_wconf 80' lang='lat' dir='ltr'>Nec·</span> <span class='ocrx_word' id='word_1_83' title='bbox 566 2537 797 2606; x_wconf 85' lang='lat' dir='ltr'>mora,</span> <span class='ocrx_word' id='word_1_84' title='bbox 831 2518 1022 2609; x_wconf 84' lang='lat' dir='ltr'>jussa</span> <span class='ocrx_word' id='word_1_85' title='bbox 1057 2517 1269 2590; x_wconf 90' lang='lat' dir='ltr'>dabat</span> <span class='ocrx_word' id='word_1_86' title='bbox 1321 2516 1574 2588; x_wconf 82' lang='lat' dir='ltr'>vinitor</span> <span class='ocrx_word' id='word_1_87' title='bbox 1623 2537 1665 2587; x_wconf 89' lang='lat' dir='ltr'>a</span> <span class='ocrx_word' id='word_1_88' title='bbox 1710 2535 1851 2607; x_wconf 87' lang='lat' dir='ltr'>quo</span> <span class='ocrx_word' id='word_1_89' title='bbox 1904 2533 2158 2606; x_wconf 75' lang='lat' dir='ltr'>genere</span> <span class='ocrx_word' id='word_1_90' title='bbox 2216 2534 2395 2583; x_wconf 88' lang='lat' dir='ltr'>uva·</span> 
     </span>
     <span class='ocr_line' id='line_1_16' title="bbox 290 2639 2391 2736; baseline -0.004 -18"><span class='ocrx_word' id='word_1_91' title='bbox 290 2663 446 2718; x_wconf 72' lang='lat' dir='ltr'>rum</span> <span class='ocrx_word' id='word_1_92' title='bbox 480 2650 549 2713; x_wconf 89' lang='lat' dir='ltr'>et</span> <span class='ocrx_word' id='word_1_93' title='bbox 591 2663 629 2713; x_wconf 89' lang='lat' dir='ltr'>a</span> <span class='ocrx_word' id='word_1_94' title='bbox 667 2663 805 2736; x_wconf 89' lang='lat' dir='ltr'>quo</span> <span class='ocrx_word' id='word_1_95' title='bbox 852 2644 1005 2715; x_wconf 89' lang='lat' dir='ltr'>loco</span> <span class='ocrx_word' id='word_1_96' title='bbox 1051 2643 1264 2714; x_wconf 89' lang='lat' dir='ltr'>vineti</span> <span class='ocrx_word' id='word_1_97' title='bbox 1313 2640 1855 2714; x_wconf 85' lang='lat' dir='ltr'>vindemiatores</span> <span class='ocrx_word' id='word_1_98' title='bbox 1894 2639 2270 2733; x_wconf 83' lang='lat' dir='ltr'>inciperent</span> <span class='ocrx_word' id='word_1_99' title='bbox 2300 2640 2391 2710; x_wconf 85' lang='lat' dir='ltr'>le·</span> 
     </span>
     <span class='ocr_line' id='line_1_17' title="bbox 286 2763 2394 2863; baseline -0.004 -19"><span class='ocrx_word' id='word_1_100' title='bbox 286 2787 482 2862; x_wconf 67' lang='lat' dir='ltr'>gere.</span> <span class='ocrx_word' id='word_1_101' title='bbox 511 2763 687 2839; x_wconf 91' lang='lat' dir='ltr'>Nam</span> <span class='ocrx_word' id='word_1_102' title='bbox 726 2779 793 2841; x_wconf 90' lang='lat' dir='ltr'>et</span> <span class='ocrx_word' id='word_1_103' title='bbox 846 2789 1129 2863; x_wconf 80' lang='lat' dir='ltr'>praecox</span> <span class='ocrx_word' id='word_1_104' title='bbox 1165 2790 1298 2840; x_wconf 89' lang='lat' dir='ltr'>uva</span> <span class='ocrx_word' id='word_1_105' title='bbox 1339 2777 1409 2839; x_wconf 85' lang='lat' dir='ltr'>et</span> <span class='ocrx_word' id='word_1_106' title='bbox 1434 2766 1631 2860; x_wconf 79' lang='lat' dir='ltr'>nigra</span> <span class='ocrx_word' id='word_1_107' title='bbox 1664 2765 1848 2858; x_wconf 86' lang='lat' dir='ltr'>prior</span> <span class='ocrx_word' id='word_1_108' title='bbox 1876 2765 2078 2859; x_wconf 86' lang='lat' dir='ltr'>coqui</span> <span class='ocrx_word' id='word_1_109' title='bbox 2116 2764 2394 2839; x_wconf 85' lang='lat' dir='ltr'>diceba-</span> 
     </span>
     <span class='ocr_line' id='line_1_18' title="bbox 296 2889 2401 2987; baseline -0.001 -20"><span class='ocrx_word' id='word_1_110' title='bbox 296 2905 406 2966; x_wconf 78' lang='lat' dir='ltr'>tur</span> <span class='ocrx_word' id='word_1_111' title='bbox 434 2902 504 2963; x_wconf 89' lang='lat' dir='ltr'>et</span> <span class='ocrx_word' id='word_1_112' title='bbox 525 2890 614 2963; x_wconf 88' lang='lat' dir='ltr'>ob</span> <span class='ocrx_word' id='word_1_113' title='bbox 639 2892 816 2965; x_wconf 84' lang='lat' dir='ltr'>hane</span> <span class='ocrx_word' id='word_1_114' title='bbox 849 2914 1127 2964; x_wconf 84' lang='lat' dir='ltr'>eausam</span> <span class='ocrx_word' id='word_1_115' title='bbox 1157 2893 1348 2987; x_wconf 88' lang='lat' dir='ltr'>prior</span> <span class='ocrx_word' id='word_1_116' title='bbox 1384 2903 1534 2963; x_wconf 81' lang='lat' dir='ltr'>erat</span> <span class='ocrx_word' id='word_1_117' title='bbox 1567 2889 1857 2982; x_wconf 80' lang='lat' dir='ltr'>legenda</span> <span class='ocrx_word' id='word_1_118' title='bbox 1882 2910 1899 2960; x_wconf 67' lang='grc' dir='ltr'><strong><em>ε</em></strong></span> <span class='ocrx_word' id='word_1_119' title='bbox 1932 2911 2089 2985; x_wconf 85' lang='lat' dir='ltr'>pars</span> <span class='ocrx_word' id='word_1_120' title='bbox 2124 2912 2401 2985; x_wconf 90' lang='lat' dir='ltr'>quoque</span> 
     </span>
     <span class='ocr_line' id='line_1_19' title="bbox 293 3016 2404 3116; baseline -0.001 -27"><span class='ocrx_word' id='word_1_121' title='bbox 293 3016 555 3116; x_wconf 71' lang='lat' dir='ltr'>arbusti</span> <span class='ocrx_word' id='word_1_122' title='bbox 611 3029 680 3089; x_wconf 91' lang='lat' dir='ltr'>et</span> <span class='ocrx_word' id='word_1_123' title='bbox 715 3019 947 3091; x_wconf 82' lang='lat' dir='ltr'>vineae</span> <span class='ocrx_word' id='word_1_124' title='bbox 990 3040 1150 3112; x_wconf 88' lang='lat' dir='ltr'>quae</span> <span class='ocrx_word' id='word_1_125' title='bbox 1187 3017 1453 3090; x_wconf 85' lang='lat' dir='ltr'>facilius</span> <span class='ocrx_word' id='word_1_126' title='bbox 1490 3019 1789 3090; x_wconf 82' lang='lat' dir='ltr'>calorem</span> <span class='ocrx_word' id='word_1_127' title='bbox 1838 3016 2212 3109; x_wconf 88' lang='lat' dir='ltr'>radiosque</span> <span class='ocrx_word' id='word_1_128' title='bbox 2240 3016 2404 3087; x_wconf 87' lang='lat' dir='ltr'>solis</span> 
     </span>
     <span class='ocr_line' id='line_1_20' title="bbox 294 3138 2403 3239; baseline -0.001 -25"><span class='ocrx_word' id='word_1_129' title='bbox 294 3153 658 3239; x_wconf 84' lang='lat' dir='ltr'>acceperat</span> <span class='ocrx_word' id='word_1_130' title='bbox 698 3144 888 3238; x_wconf 89' lang='lat' dir='ltr'>prius</span> <span class='ocrx_word' id='word_1_131' title='bbox 919 3144 1053 3237; x_wconf 78' lang='lat' dir='ltr'>legi</span> <span class='ocrx_word' id='word_1_132' title='bbox 1097 3143 1418 3216; x_wconf 88' lang='lat' dir='ltr'>debebat.</span> <span class='ocrx_word' id='word_1_133' title='bbox 1462 3138 1679 3235; x_wconf 79' lang='lat' dir='ltr'>Igitur</span> <span class='ocrx_word' id='word_1_134' title='bbox 1732 3142 2030 3236; x_wconf 86' lang='lat' dir='ltr'>prudens</span> <span class='ocrx_word' id='word_1_135' title='bbox 2074 3142 2186 3216; x_wconf 92' lang='lat' dir='ltr'>ille</span> <span class='ocrx_word' id='word_1_136' title='bbox 2221 3142 2403 3212; x_wconf 87' lang='lat' dir='ltr'>vini-</span> 
     </span>
     <span class='ocr_line' id='line_1_21' title="bbox 303 3268 2410 3365; baseline 0 -26"><span class='ocrx_word' id='word_1_137' title='bbox 303 3279 409 3339; x_wconf 88' lang='lat' dir='ltr'>tor</span> <span class='ocrx_word' id='word_1_138' title='bbox 468 3268 587 3361; x_wconf 91' lang='lat' dir='ltr'>qui</span> <span class='ocrx_word' id='word_1_139' title='bbox 643 3290 901 3364; x_wconf 70' lang='lat' dir='ltr'>genera</span> <span class='ocrx_word' id='word_1_140' title='bbox 956 3292 1078 3364; x_wconf 91' lang='lat' dir='ltr'>per</span> <span class='ocrx_word' id='word_1_141' title='bbox 1125 3268 1366 3344; x_wconf 87' lang='lat' dir='ltr'>hortos</span> <span class='ocrx_word' id='word_1_142' title='bbox 1421 3277 1863 3365; x_wconf 86' lang='lat' dir='ltr'>separaverat</span> <span class='ocrx_word' id='word_1_143' title='bbox 1911 3269 2410 3361; x_wconf 89' lang='lat' dir='ltr'>vinearumque</span> 
     </span>
     <span class='ocr_line' id='line_1_22' title="bbox 271 3389 2403 3489; baseline -0.002 -22"><span class='ocrx_word' id='word_1_144' title='bbox 271 3389 727 3470; x_wconf 80' lang='lat' dir='ltr'>‘differentias</span> <span class='ocrx_word' id='word_1_145' title='bbox 764 3405 1162 3468; x_wconf 86' lang='lat' dir='ltr'>servaverat</span> <span class='ocrx_word' id='word_1_146' title='bbox 1210 3416 1337 3489; x_wconf 90' lang='lat' dir='ltr'>pro</span> <span class='ocrx_word' id='word_1_147' title='bbox 1385 3395 1523 3466; x_wconf 90' lang='lat' dir='ltr'>situ</span> <span class='ocrx_word' id='word_1_148' title='bbox 1571 3404 1640 3465; x_wconf 91' lang='lat' dir='ltr'>et</span> <span class='ocrx_word' id='word_1_149' title='bbox 1676 3393 2019 3488; x_wconf 89' lang='lat' dir='ltr'>positione</span> <span class='ocrx_word' id='word_1_150' title='bbox 2070 3394 2403 3483; x_wconf 88' lang='lat' dir='ltr'>locorum,</span> 
     </span>
     <span class='ocr_line' id='line_1_23' title="bbox 299 3518 2411 3613; baseline 0 -22"><span class='ocrx_word' id='word_1_151' title='bbox 299 3541 445 3591; x_wconf 86' lang='lat' dir='ltr'>non</span> <span class='ocrx_word' id='word_1_152' title='bbox 486 3520 813 3613; x_wconf 81' lang='lat' dir='ltr'>exiguam</span> <span class='ocrx_word' id='word_1_153' title='bbox 852 3521 1270 3613; x_wconf 85' lang='lat' dir='ltr'>sequebatur</span> <span class='ocrx_word' id='word_1_154' title='bbox 1314 3519 1699 3608; x_wconf 83' lang='lat' dir='ltr'>utilitatem,</span> <span class='ocrx_word' id='word_1_155' title='bbox 1755 3518 1946 3613; x_wconf 87' lang='lat' dir='ltr'>quod</span> <span class='ocrx_word' id='word_1_156' title='bbox 1981 3533 2052 3591; x_wconf 86' lang='lat' dir='ltr'>et</span> <span class='ocrx_word' id='word_1_157' title='bbox 2100 3519 2411 3592; x_wconf 83' lang='lat' dir='ltr'>laborem</span> 
     </span>
     <span class='ocr_line' id='line_1_24' title="bbox 302 3643 2415 3738; baseline 0.001 -26"><span class='ocrx_word' id='word_1_158' title='bbox 302 3643 679 3717; x_wconf 85' lang='lat' dir='ltr'>vindemiae</span> <span class='ocrx_word' id='word_1_159' title='bbox 752 3644 1086 3718; x_wconf 86' lang='lat' dir='ltr'>minorem</span> <span class='ocrx_word' id='word_1_160' title='bbox 1139 3645 1534 3738; x_wconf 87' lang='lat' dir='ltr'>patiebatur</span> <span class='ocrx_word' id='word_1_161' title='bbox 1581 3655 1651 3716; x_wconf 90' lang='lat' dir='ltr'>et</span> <span class='ocrx_word' id='word_1_162' title='bbox 1718 3652 2096 3738; x_wconf 89' lang='lat' dir='ltr'>sumptum.</span> <span class='ocrx_word' id='word_1_163' title='bbox 2148 3643 2415 3727; x_wconf 88' lang='lat' dir='ltr'>Quibus</span> 
     </span>
     <span class='ocr_line' id='line_1_25' title="bbox 237 3765 2414 3862; baseline -0 -22"><span class='ocrx_word' id='word_1_164' title='bbox 237 3765 242 3770; x_wconf 78' lang='grc'><strong>’</strong></span> <span class='ocrx_word' id='word_1_165' title='bbox 304 3768 490 3840; x_wconf 89' lang='lat' dir='ltr'>enim</span> <span class='ocrx_word' id='word_1_166' title='bbox 522 3768 730 3841; x_wconf 90' lang='lat' dir='ltr'>rebus</span> <span class='ocrx_word' id='word_1_167' title='bbox 779 3767 1256 3857; x_wconf 45' lang='lat' dir='ltr'>considerati&amp;</span> <span class='ocrx_word' id='word_1_168' title='bbox 1309 3799 1342 3831; x_wconf 78' lang='grc' dir='ltr'><strong><em>κ</em></strong></span> <span class='ocrx_word' id='word_1_169' title='bbox 1381 3780 1456 3840; x_wconf 80' lang='grc' dir='ltr'>ιιι</span> <span class='ocrx_word' id='word_1_170' title='bbox 1495 3783 1795 3862; x_wconf 81' lang='lat' dir='ltr'>quaeque</span> <span class='ocrx_word' id='word_1_171' title='bbox 1828 3782 2284 3842; x_wconf 79' lang='lat' dir='ltr'>maturescere</span> <span class='ocrx_word' id='word_1_172' title='bbox 2315 3769 2414 3840; x_wconf 62' lang='lat' dir='ltr'>ina</span> 
     </span>
    </p>
   </div>
   <div class='ocr_carea' id='block_1_7' title="bbox 307 3957 2413 4363">
    <p class='ocr_par' dir='ltr' id='par_1_8' title="bbox 307 3957 2413 4257">
     <span class='ocr_line' id='line_1_26' title="bbox 393 3957 2412 4043; baseline 0.001 -23"><span class='ocrx_word' id='word_1_173' title='bbox 393 3958 471 4043; x_wconf 81' lang='grc'>(1)</span> <span class='ocrx_word' id='word_1_174' title='bbox 509 3957 741 4024; x_wconf 90' lang='lat' dir='ltr'>Plinius</span> <span class='ocrx_word' id='word_1_175' title='bbox 777 3957 952 4042; x_wconf 87' lang='lat' dir='ltr'>(XIV,</span> <span class='ocrx_word' id='word_1_176' title='bbox 985 3958 1041 4041; x_wconf 91' lang='lat'>1)</span> <span class='ocrx_word' id='word_1_177' title='bbox 1077 3959 1263 4024; x_wconf 73' lang='lat' dir='ltr'>refert</span> <span class='ocrx_word' id='word_1_178' title='bbox 1296 3959 1461 4024; x_wconf 72' lang='lat' dir='ltr'>hanc</span> <span class='ocrx_word' id='word_1_179' title='bbox 1491 3958 1918 4036; x_wconf 78' lang='lat' dir='ltr'>conditionem</span> <span class='ocrx_word' id='word_1_180' title='bbox 1952 3961 2131 4042; x_wconf 86' lang='lat' dir='ltr'>cujus</span> <span class='ocrx_word' id='word_1_181' title='bbox 2161 3979 2412 4025; x_wconf 86' lang='lat' dir='ltr'>oausam</span> 
     </span>
     <span class='ocr_line' id='line_1_27' title="bbox 307 4064 2413 4152; baseline 0.001 -24"><span class='ocrx_word' id='word_1_182' title='bbox 307 4064 506 4129; x_wconf 88' lang='lat' dir='ltr'>fuisse</span> <span class='ocrx_word' id='word_1_183' title='bbox 531 4073 818 4150; x_wconf 86' lang='lat' dir='ltr'>putamus</span> <span class='ocrx_word' id='word_1_184' title='bbox 863 4065 1252 4132; x_wconf 83' lang='lat' dir='ltr'>altitudinem</span> <span class='ocrx_word' id='word_1_185' title='bbox 1279 4066 1576 4130; x_wconf 82' lang='lat' dir='ltr'>arborum</span> <span class='ocrx_word' id='word_1_186' title='bbox 1613 4067 1679 4130; x_wconf 91' lang='lat' dir='ltr'>in</span> <span class='ocrx_word' id='word_1_187' title='bbox 1717 4086 1872 4150; x_wconf 89' lang='lat' dir='ltr'>quas</span> <span class='ocrx_word' id='word_1_188' title='bbox 1900 4086 2027 4132; x_wconf 90' lang='lat' dir='ltr'>non</span> <span class='ocrx_word' id='word_1_189' title='bbox 2071 4067 2205 4132; x_wconf 90' lang='lat' dir='ltr'>sine</span> <span class='ocrx_word' id='word_1_190' title='bbox 2242 4069 2413 4152; x_wconf 51' lang='lat' dir='ltr'>peria</span> 
     </span>
     <span class='ocr_line' id='line_1_28' title="bbox 308 4173 1654 4257; baseline 0 -19"><span class='ocrx_word' id='word_1_191' title='bbox 308 4173 454 4238; x_wconf 87' lang='lat' dir='ltr'>culo</span> <span class='ocrx_word' id='word_1_192' title='bbox 475 4173 951 4239; x_wconf 84' lang='lat' dir='ltr'>vindemiatores</span> <span class='ocrx_word' id='word_1_193' title='bbox 976 4174 1316 4242; x_wconf 83' lang='lat' dir='ltr'>ascendere</span> <span class='ocrx_word' id='word_1_194' title='bbox 1342 4181 1654 4257; x_wconf 85' lang='lat' dir='ltr'>poterant.</span> 
     </span>
    </p>

    <p class='ocr_par' dir='ltr' id='par_1_9' title="bbox 396 4277 2080 4363">
     <span class='ocr_line' id='line_1_29' title="bbox 396 4277 2080 4363; baseline 0.005 -23"><span class='ocrx_word' id='word_1_195' title='bbox 396 4277 475 4362; x_wconf 77' lang='grc'>(2)</span> <span class='ocrx_word' id='word_1_196' title='bbox 507 4281 686 4346; x_wconf 86' lang='lat' dir='ltr'>Varr.</span> <span class='ocrx_word' id='word_1_197' title='bbox 716 4281 897 4363; x_wconf 77' lang='lat' dir='ltr'>Linq.</span> <span class='ocrx_word' id='word_1_198' title='bbox 928 4281 1072 4357; x_wconf 64' lang='lat' dir='ltr'>Iac„</span> <span class='ocrx_word' id='word_1_199' title='bbox 1102 4281 1207 4357; x_wconf 86' lang='lat' dir='ltr'>v1‚-</span> <span class='ocrx_word' id='word_1_200' title='bbox 1243 4284 1347 4362; x_wconf 73' lang='lat'>16,</span> <span class='ocrx_word' id='word_1_201' title='bbox 1372 4284 1488 4358; x_wconf 74' lang='lat'>203</span> <span class='ocrx_word' id='word_1_202' title='bbox 1524 4284 1687 4345; x_wconf 49' lang='grc' dir='ltr'>[ἔθετε</span> <span class='ocrx_word' id='word_1_203' title='bbox 1722 4300 1778 4345; x_wconf 87' lang='lat' dir='ltr'>v.</span> <span class='ocrx_word' id='word_1_204' title='bbox 1817 4283 2080 4348; x_wconf 71' lang='lat' dir='ltr'>Rustica.</span> 
     </span>
    </p>
   </div>
  </div>
 </body>
</html>
