2975 5159
1036 407 1559 510 ’ψη-

301 575 497 672 bant,
529 586 781 662 deinde
816 589 1011 684 quod
1038 593 1431 685 proximum
1469 589 1803 685 aprime,
1847 597 1993 662 tum
2027 588 2405 682 quoderat

302 710 525 784 tertiae
559 722 751 788 notae
780 716 893 788 vel
930 726 1196 809 quartae
1224 735 1549 810 quoque3
1585 715 1759 788 satis
1789 715 1972 787 enim
2023 736 2172 786 esse
2211 714 2403 788 vide-³

297 834 503 908 batur
538 866 573 902 α
608 859 729 932 per
758 849 1058 934 quatuor
1096 842 1208 914 vel
1240 863 1587 913 summum
1624 840 1936 935 quinque
1963 861 2220 933 genera
2256 841 2407 911 vin-

298 989 335 1026 «
360 960 612 1036 demiae
654 965 997 1037 fortunam
1027 967 1322 1062 opperiri
1361 966 1493 1064 (1).
1531 996 1568 1033 n

395 1084 530 1158 Eas
565 1096 790 1160 autem
828 1088 1124 1183 plurium
1162 1100 1481 1164 notarum
1534 1090 1706 1162 vites
1752 1111 1882 1162 nec
1923 1090 2241 1161 confusas
2275 1110 2405 1163 nec

295 1207 555 1282 mixtas
606 1214 1037 1302 catervatim,
1100 1214 1227 1287 sed
1281 1224 1635 1310 separatas
1690 1213 2209 1309 specialiterque
2244 1214 2402 1285 dis-

297 1333 951 1426 tinctasthabebann
1002 1351 1071 1411 et
1105 1339 1465 1413 utilissima
1491 1349 1637 1413 erat
1663 1362 1746 1412 ea
1794 1356 2124 1434 generum
2160 1339 2399 1433 dispo-

293 1459 469 1532 sitio.
524 1462 700 1533 Nam
754 1464 1047 1536 diversae
1107 1465 1355 1560 stirpes
1404 1487 1538 1537 nec
1594 1465 1845 1559 pariter
1907 1464 2393 1554 deflorescunt,

294 1609 424 1660 nec
451 1588 542 1662 ad
573 1589 1027 1662 maturitatem
1054 1591 1257 1662 simul
1294 1591 1711 1687 perveniunt
1758 1614 1777 1661 ε
1810 1590 2023 1683 igitur
2056 1589 2174 1684 qui
2204 1611 2404 1683 sepa-

290 1723 445 1788 rata
479 1716 849 1807 generibus
895 1717 1126 1789 vineta
1181 1739 1317 1789 non
1355 1717 1733 1806 habuisset,
1780 1726 2168 1788 aut·serum
2215 1716 2400 1785 sruc-

290 1848 437 1910 tum
468 1837 878 1913 elevavisset
910 1864 1064 1912 cum
1103 1863 1492 1937 praecoque,
1529 1853 1673 1929 aut,
1706 1841 1990 1914 serotini
2039 1840 2396 1912 maturita-

290 1974 431 2038 tem
470 1975 909 2060 exspectanS‚
953 1965 1368 2038 vindemiam
1425 1989 1896 2062 praecoquem,
1945 1965 2302 2037 volucrum
2334 1975 2402 2037 et

287 2090 681 2183 pluviarum
717 2102 787 2164 et
817 2100 1184 2166 ventorum
1217 2090 1559 2186 praedam‚
1586 2090 1972 2182 amisisset;
2010 2091 2136 2164 sed
2157 2101 2399 2163 contra

285 2215 547 2288 vinitor
574 2217 686 2290 ille
720 2218 1018 2313 prudens
1045 2217 1165 2311 qui
1183 2238 1441 2309 genera
1471 2216 1962 2310 distinguebat,
2005 2226 2082 2287 ut
2099 2237 2397 2309 quaeque

283 2350 749 2416 maturescere
781 2343 1245 2438 incipiebant,
1294 2342 1696 2436 tempestive
1751 2341 2022 2435 legebat
2056 2361 2266 2432 uvas,
2328 2351 2426 2413 et·

282 2487 450 2562 quae
497 2468 812 2540 nondum
861 2468 1327 2542 maturitatem
1396 2477 1753 2561 ceperant,
1812 2467 1964 2542 sine
2029 2465 2394 2561 dispendio

283 2589 673 2664 differebat.
719 2591 911 2663 Illam
939 2612 1220 2685 quoque
1256 2612 1404 2672 :non
1438 2590 1770 2687 exiguam
1810 2589 2230 2683 sequebatur
2258 2589 2404 2661 uti.-

282 2713 575 2804 litatem,
624 2715 818 2810 quod
866 2724 1133 2812 poterat
1179 2725 1456 2807 gustum
1518 2717 1857 2810 cujusque
1911 2716 2185 2822 generis
2241 2734 2389 2786 non

281 2840 773 2928 mixtum,jsed
819 2862 982 2913 vere
1028 2863 1295 2912 merum
1332 2840 1631 2913 condere
1666 2863 1748 2913 ac
1773 2840 2136 2935 separatim
2179 2862 2385 2935 repo-

280 2985 450 3040 nere
495 2990 511 3034 z
547 2986 773 3059 eaque
798 2987 1080 3058 genera,
1126 2966 1226 3038 sic
1255 2965 1532 3054 diffusa,
1577 2967 1740 3059 quia
1772 2966 1936 3040 nihil
1976 2964 2388 3038 intervenie-

277 3090 402 3162 bat
431 3090 727 3164 diversae
770 3106 1057 3184 naturae,
1094 3093 1285 3187 quod
1329 3104 1745 3188 repugnaret
1785 3091 2220 3188 perpetuitati
2248 3090 2379 3188 (2),

280 3217 600 3296 facillime
638 3218 1202 3290 nobilitabantur.
1238 3220 1466 3304 Quare
1493 3241 1632 3296 non
1665 3220 1868 3307 vites,
1911 3219 2103 3292 velut
2132 3239 2239 3289 res
2267 3218 2386 3291 ab·

268 3341 495 3431 ‚iectas
554 3351 623 3418 et
676 3344 978 3437 quodam
1023 3365 1273 3440 acervo
1329 3346 1673 3433 confusas»,
1720 3343 1972 3439 passim
2018 3344 2087 3413 in
2135 3342 2376 3418 eodem

277 3488 449 3561 agro
502 3468 652 3541 sine
702 3469 944 3558 ordine
990 3468 1258 3546 misceri
1311 3470 1627 3542 sinebant
1674 3467 1963 3544 Romani
2008 3495 2024 3539 ε
2064 3467 2188 3540 sed
2226 3489 2379 3562 pro·

274 3593 445 3687 priis
498 3594 570 3665 in
619 3593 788 3665 locis
837 3595 1115 3690 propria
1169 3616 1424 3687 genera
1485 3595 1980 3689 separabant„
2020 3603 2375 3686 totumque

275 3738 524 3822 agrum
588 3697 993 3792 dividebant
1036 3718 1122 3808 in·
1161 3729 1386 3813 partes
1418 3739 1674 3812 aequas
1730 3739 1908 3811 quae·
1954 3716 2380 3792 vocabantur

275 3843 484 3916 horti.
727 3844 735 3850 ’

359 4018 735 4100 (·1)Colum.,
767 4019 869 4095 111,
900 4020 999 4081 ΞΟ.

367 4123 448 4208 (2)
475 4148 507 4185 «
527 4123 824 4188 Confusus
842 4122 907 4185 in
927 4140 1124 4187 unum
1146 4124 1482 4187 multarum
1508 4140 1692 4207 sapor
1704 4125 2016 4190 vetustatis
2047 4124 2371 4206 impatiens

275 4232 366 4296 fit.
412 4253 446 4293 n
480 4232 719 4296 Colum.

2086 4359 2116 4407 2
