2975 5159
1423 489 1518 502 ....
1571 452 1666 524 40
1713 490 1812 504 ..-

574 594 781 687 hant3
835 598 1013 670 areis
1058 597 1309 670 deinde
1353 621 1690 672 eameram
1745 600 2179 692 injiciebant,
2228 611 2297 672 et
2337 602 2455 672 ubi
2499 624 2655 697 pro·

569 733 923 815 repserant
973 723 1260 818 plantae,
1326 726 1645 798 manibus
1700 726 1952 799 herbas
2000 724 2374 821 carpebant
2428 726 2668 799 leviter

570 855 640 917 et
687 845 993 934 curiose,
1047 868 1139 919 ne
1186 847 1438 922 breves
1474 851 1705 924 adhuc
1734 852 2077 924 ulmorum
2125 849 2451 924 radiculae
2503 873 2671 923 con-

573 972 1035 1064 vellerentur;
1101 982 1309 1068 atque
1363 976 1453 1047 ob
1504 977 1819 1050 eamdem
1874 997 2200 1065 causam,
2258 996 2346 1048 ne
2406 997 2667 1049 noxam

570 1110 889 1193 caperent
940 1100 1238 1186 semina,
1292 1101 1351 1172 si
1396 1102 1488 1174 ab
1534 1101 1665 1173 illis
1706 1101 1828 1196 qui
1868 1101 2221 1173 runcaturi
2274 1111 2470 1176 erant
2510 1121 2670 1197 pro-

569 1223 1040 1311 numerentur,
1076 1224 1168 1295 ita
1197 1236 1492 1319 anguste
1525 1225 2036 1319 componebant
2062 1246 2259 1296 areas
2297 1236 2372 1295 ut
2408 1225 2673 1298 medias

568 1356 796 1440 partes
830 1347 1026 1419 facile
1068 1369 1279 1419 manu
1321 1349 1821 1446 contingerent.
1880 1349 2009 1422 Ubi
2058 1369 2225 1421 vero
2252 1350 2396 1441 jam
2431 1350 2666 1421 ulmus

567 1482 715 1545 erat
766 1472 1016 1545 idonea
1070 1474 1537 1564 translationi,
1600 1497 1693 1547 ex
1733 1487 2066 1546 autumno
2127 1494 2353 1567 usque
2400 1474 2471 1546 in
2510 1497 2668 1546 ver·

564 1620 732 1671 num
781 1610 1050 1693 tempus
1104 1608 1289 1671 recte
1322 1600 1457 1671 seri
1492 1596 1863 1671 videbatur
1894 1600 2030 1694 (1).

658 1723 1107 1795 Pedaminum
1134 1746 1411 1818 quoque
1430 1726 1895 1817 jugorumque
1926 1735 1993 1796 et
2026 1723 2355 1796 viminum
2389 1722 2667 1817 prospi-

570 1845 971 1918 ciendorum
1018 1857 1274 1919 certam
1319 1846 1669 1919 habebant
1719 1848 2077 1918 rationem.
2122 1844 2420 1918 Salicum
2464 1845 2671 1918 vimi-

571 1972 835 2042 nalium
863 1970 1129 2064 singula
1147 1971 1390 2065 jugera
1424 1972 1742 2044 sufficere
1771 1973 2096 2045 dicebant
2134 1970 2360 2066 quinis
2396 1981 2465 2043 et
2486 1971 2676 2063 vige-

570 2095 676 2166 nis
714 2094 1075 2188 jugeribus
1131 2094 1235 2192 (2)
1292 2096 1598 2186 ligandae
1646 2096 1900 2183 vineae,
1958 2094 2343 2167 arundineti
2405 2095 2676 2191 singula

563 2223 807 2315 jugera
835 2219 1102 2312 vigenis
1135 2220 1240 2316 (3)
1277 2220 1632 2313 jugandiS‚
1679 2232 1745 2293 et
1782 2219 2107 2293 castaneti
2157 2220 2477 2312 jugerum
2514 2219 2671 2291 toti-

572 2347 727 2419 dem
766 2344 1103 2440 palandiS‚
1145 2356 1314 2438 quot
1354 2345 1737 2417 arundineti
1773 2344 2119 2438 jugandiS.
2161 2344 2387 2427 Quare
2431 2343 2675 2416 salices

574 2471 938 2543 viminales
970 2478 1178 2564 atque
1208 2470 1642 2541 arundineta,
1667 2471 1776 2542 vel
1806 2467 2017 2542 silvas
2053 2491 2091 2541 e
2130 2469 2465 2541 castaneis
2501 2491 2671 2541 con·-

575 2597 738 2668 sitas
779 2595 966 2691 prius
1020 2594 1364 2666 faciebant
1415 2617 1623 2690 quam
1687 2594 2019 2667 haberent
2074 2595 2347 2684 vineta,
2412 2608 2479 2665 et
2521 2593 2674 2688 haec

573 2722 800 2793 omnia
867 2720 1064 2813 quasi
1128 2722 1459 2814 quasdam
1525 2722 1722 2792 dotes
1793 2721 2012 2791 vineis
2088 2733 2247 2792 ante
2321 2742 2670 2814 praepara-

577 2845 764 2916 bant.
804 2845 1068 2930 Quibus
1107 2845 1287 2917 enim
1313 2899 1333 2936 ,
1375 2844 1468 2917 ait
1523 2843 1930 2935 Columella,
1982 2877 2013 2910 «
2055 2845 2113 2916 si
2154 2844 2467 2944 deficitur
2496 2847 2673 2937 agri-

579 2972 754 3061 cola,
797 2993 1074 3043 causam
1119 2972 1410 3044 faciendi
1453 2972 1688 3044 vineta
1744 2993 1883 3086 non
1927 2971 2159 3061 habet,
2196 2993 2351 3042 cum
2409 2971 2666 3058 omnia,

657 3175 741 3255 (Ι)
767 3176 961 3237 Varro
1002 3173 1326 3237 seminaria
1359 3174 1631 3254 paranda
1679 3173 1832 3236 dicit
1862 3190 1880 3235 t
1918 3196 1950 3234 α
1993 3171 2138 3236 Haec
2165 3171 2272 3234 ubi
2314 3172 2505 3235 domo
2529 3187 2669 3235 nas-

576 3291 818 3360 cuntur,
852 3282 1032 3348 vinea
1070 3300 1194 3347 non
1236 3282 1458 3346 metuit
1494 3288 1834 3365 sumptum.
1869 3303 1901 3341 n
1936 3284 2023 3345 De
2048 3284 2138 3343 Re
2164 3288 2341 3358 rust„
2374 3282 2422 3359 1,
2454 3284 2516 3344 8.
2548 3282 2671 3343 Ea-

576 3391 722 3454 dem
752 3388 1019 3472 legimus
1046 3395 1109 3453 et
1156 3388 1324 3470 apud
1349 3389 1751 3452 Columellam
1774 3394 1835 3451 et
1876 3388 2040 3470 apud
2069 3387 2359 3465 Plinium,
2400 3388 2510 3450 sed
2547 3387 2672 3449 dis-

579 3498 762 3560 sentit
814 3496 1115 3559 Palladius
1150 3515 1166 3559 :
1218 3517 1251 3556 a
1296 3497 1442 3558 Haec
1471 3496 1813 3559 Columella
1864 3495 2018 3559 dicit
2063 3493 2394 3557 seminario
2443 3493 2671 3557 debere

576 3603 817 3667 nutriri.
848 3602 999 3666 Mihi
1022 3603 1283 3680 videtur,
1307 3602 1475 3686 quod
1502 3603 1670 3665 nulla
1692 3603 2003 3685 provincia
2022 3609 2137 3680 est,
2163 3622 2301 3685 quae
2322 3621 2448 3666 non
2470 3622 2546 3665 ex
2572 3601 2672 3667 his

578 3727 1018 3794 quamcunque
1053 3718 1270 3793 sponte
1307 3710 1631 3792 producat,
1676 3711 1916 3793 plantas
1950 3710 2134 3773 etiam
2163 3712 2429 3791 majores
2467 3710 2545 3772 de
2576 3710 2670 3773 lo-

578 3820 669 3882 cis
694 3817 1167 3900 quibuscunque
1192 3816 1534 3895 translatas,
1572 3815 1672 3880 vel
1698 3835 1915 3879 eorum
1944 3834 2242 3897 generum
2278 3822 2530 3882 truncos
2563 3835 2671 3881 ra-

578 3926 832 3999 dicatoS,
859 3922 979 3986 hoc
1005 3931 1291 4004 tempore
1325 3922 1495 3987 circa
1526 3923 1811 3990 scrobem
1834 3923 1970 3986 vitis
1992 3930 2276 4004 oportere
2299 3923 2663 3988 constitui.»

579 4036 670 4096 De
700 4034 787 4095 Re
812 4035 985 4106 rust„
1011 4031 1109 4107 ΙΙΙ,
1140 4034 1238 4093 10.

662 4139 743 4219 (2)
766 4136 922 4203 Gall.
958 4159 991 4199 ε(
1013 4141 1055 4200 6
1081 4137 1361 4201 hectares
1388 4139 1469 4200 42
1495 4137 1635 4200 ares
1666 4142 1745 4202 10
1770 4144 1932 4202 cent.
1957 4159 1989 4196 n

666 4249 740 4329 (3)
777 4246 870 4306 ld.
907 4270 931 4301 α
967 4249 1005 4308 5
1029 4244 1307 4308 hectares
1342 4246 1420 4307 15
1444 4263 1582 4308 ares
1607 4247 1685 4310 68
1714 4252 1878 4308 cent.
1912 4266 1943 4302 ι)
