2975 5159
1123 535 1221 549 .-
1272 495 1366 566 35
1415 535 1515 549 ...-

266 645 551 733 ruisset,
590 645 1128 740 pampinandum
1163 649 1524 743 putabant,
1582 658 1649 718 et
1687 646 1799 717 alii
1841 643 1968 717 sub
2021 645 2166 739 ipsa
2191 667 2359 717 ina-³

125 796 147 818 ·
265 768 567 840 turitate.
641 770 860 853 Quam
937 769 1275 865 duplicem
1344 793 1484 842 non
1554 771 1836 843 damnat
1904 771 2273 842 Columella
2336 790 2365 839 x·

265 923 300 959 α
340 896 670 989 Tempus,
717 895 965 991 inquit,
1020 898 1555 992 pampinationis
1610 907 1769 968 ante
1796 953 1815 984 ‚
1858 917 2067 990 quam
2122 896 2360 967 florem

268 1019 434 1092 vitis
460 1020 801 1112 ostendat,
847 1023 1151 1096 maxime
1194 1023 1588 1116 eligendum
1634 1032 1738 1094 est
1787 1046 1804 1091 ε
1850 1022 1972 1094 sed
2009 1031 2076 1093 et
2127 1032 2365 1116 postea

264 1144 426 1215 licet
451 1146 767 1219 eamdem
796 1158 1099 1242 repetere
1126 1149 1260 1246 (1).
1292 1149 1598 1220 »Plinius
1628 1170 1795 1221 vero
1827 1148 1912 1220 de
1940 1146 2046 1217 his
2079 1147 2362 1219 omnino

269 1270 516 1362 probat
563 1271 883 1343 Catonem
934 1274 1054 1366 qui
1094 1275 1357 1369 praebet
1418 1298 1630 1346 unum
1693 1274 1826 1345 hoc
1882 1284 2297 1369 praeceptum
2344 1298 2360 1341 ι

272 1419 306 1460 α
337 1394 468 1466 Ubi
504 1396 705 1469 vinea
740 1398 1060 1471 frondere
1092 1400 1409 1494 coeperit,
1457 1398 1857 1494 pampinato
1887 1399 2016 1491 (Ξ).
2080 1429 2105 1461 n

370 1519 621 1593 Vineas
641 1544 803 1617 quae
833 1545 989 1595 cum
1005 1525 1368 1596 arboribus
1397 1524 1987 1617 conjungebantur
2013 1542 2153 1593 non
2172 1543 2366 1616 pam*

271 1644 513 1740 pinare
526 1645 633 1744 (3)
658 1649 972 1721 solebant
990 1650 1303 1737 Romani,
1339 1650 1461 1722 sed
1480 1649 1737 1721 vitibus
1754 1649 2021 1721 caeteris
2041 1648 2221 1719 hanc
2247 1670 2367 1719 cu⁴

273 1792 425 1840 ram
452 1772 656 1844 etiam
684 1774 905 1867 magis
926 1793 1135 1867 quam
1160 1776 1586 1869 putationem
1636 1776 1990 1847 consulere
2018 1774 2363 1860 dicebant,

273 1905 346 1966 et
384 1894 458 1967 id
484 1918 626 1969 non
654 1896 894 1971 inscite
924 1900 1149 1973 facere
1172 1901 1541 1995 plurimum
1573 1901 1863 1989 referre3
1904 1921 1986 1972 ea
2011 1900 2194 1972 enim
2221 1921 2370 1972 me-

274 2020 506 2096 dicina
552 2026 901 2121 sequentis
958 2026 1119 2098 anni
1164 2025 1666 2121 expeditiorem
1719 2026 2141 2120 putationem
2192 2026 2366 2117 fieri,

277 2158 358 2242 et,
375 2150 691 2224 materias
727 2174 885 2247 quae
931 2153 1188 2225 fructus
1218 2152 1472 2225 habent
1495 2151 1739 2223 melius
1765 2151 2269 2239 convalescere,
2301 2162 2370 2223 et

277 2296 454 2347 uvas
486 2277 917 2350 commodius
950 2278 1277 2350 insolatas
1310 2277 1642 2375 percoqui
1670 2275 1801 2373 (4).
1850 2278 2188 2349 Caeterum
2229 2299 2368 2349 non

281 2402 597 2478 eamdem
634 2403 704 2475 in
736 2403 1054 2476 omnibus
1093 2403 1266 2477 locis
1307 2404 1645 2478 rationem
1679 2402 2140 2496 sequebantur
2187 2404 2371 2473 fron-

273 2530 576 2621 datores,
606 2529 1188 2625 pampinandique
1219 2530 1468 2602 modus
1498 2530 1559 2601 is
1592 2538 1739 2602 erat
1770 2555 1785 2599 ε
1827 2528 2060 2622 opacis
2088 2519 2368 2623 quidem

273 2658 348 2727 in
376 2655 547 2732 locis
580 2663 649 2729 et
684 2655 983 2728 humidis
1013 2657 1190 2728 vites
1231 2678 1351 2751 per
1379 2662 1695 2728 aestatem
1736 2654 2110 2735 nudabant,
2150 2652 2369 2725 detra·

274 2780 671 2875 bebantque
699 2779 857 2853 folia
883 2781 1274 2876 palmitibus
1312 2803 1402 2852 ne
1438 2782 1573 2852 situ
1602 2788 2022 2876 putresceret
2052 2779 2312 2850 fructus
2346 2801 2362 2844 z

276 2914 351 2979 at
382 2899 454 2976 in
488 2903 667 2979 sicco
703 2916 773 2979 et
797 2928 969 3000 agro
993 2906 1215 2980 calido
1247 2905 1643 3000 palmitibus
1679 2927 1850 2976 uvas
1878 2903 2361 2997 contegebant,

234 3042 348 3105 ’et
384 3031 693 3105 advectis
731 3032 935 3105 etiam
998 3032 1360 3105 frondibus
1405 3042 1524 3103 aut
1557 3030 1980 3121 stramentis,
2025 3029 2082 3100 si
2124 3049 2365 3123 parum

277 3155 683 3251 pampinosa
728 3157 888 3228 vitis
940 3166 1139 3244 esset,
1193 3157 1453 3228 fructus
1499 3156 1921 3228 muniebant.
1988 3153 2098 3225 Sic
2142 3163 2370 3225 narrat

277 3282 649 3354 Columella
677 3290 995 3377 patruum
1033 3302 1234 3352 suum
1257 3333 1276 3370 ,
1312 3280 1913 3373 diligentissimum
1945 3279 2314 3372 agricolam
2347 3333 2363 3369 ,

276 3406 411 3479 sub
430 3417 584 3479 ortu
605 3408 952 3481 Caniculae
980 3405 1258 3500 palmeis
1294 3405 1633 3499 tegetibus
1654 3406 1899 3478 vineas
1923 3404 2362 3494 adumbrare,

275 3533 603 3628 quoniam
644 3534 1043 3628 plerumque
1077 3532 1239 3604 dicti
1275 3530 1517 3604 sideris
1554 3542 1862 3625 tempore
1907 3529 2227 3624 quaedam
2269 3550 2372 3601 re-

366 3749 448 3828 (1)
483 3748 745 3824 Colum„
778 3749 880 3824 IV,
911 3749 1014 3812 28.

360 3854 443 3935 (2)
471 3852 649 3918 Cous.
674 3852 935 3930 Pallada,
967 3849 1066 3929 vl,
1098 3853 1164 3914 in
1191 3846 1374 3928 Maio,
1404 3854 1499 3917 tit.
1529 3859 1590 3916 2.

366 3960 447 4044 (3)
483 3983 515 4022 α
541 3960 892 4041 Pampinari
914 3975 986 4023 ea
1011 3978 1129 4024 non
1152 3965 1248 4023 est
1273 3959 1467 4023 moris
1494 3976 1511 4021 τ
1538 3965 1601 4023 et
1625 3960 1745 4024 hoc
1767 3960 2207 4042 compendium
2227 3978 2371 4043 opea

283 4085 394 4132 rae.
429 4088 460 4125 »
497 4066 655 4129 Plin.

370 4177 452 4256 (4)
478 4198 511 4236 «
535 4177 686 4239 Haec
713 4193 812 4237 res
847 4192 991 4238 uvas
1019 4174 1204 4237 efficit
1238 4173 1622 4257 pinguiores,
1648 4183 1712 4238 et
1738 4175 2071 4240 maturitati
2101 4176 2367 4242 consulit

285 4280 432 4346 solis
462 4278 756 4343 admissu.-
790 4302 820 4338 n
857 4278 1105 4357 Pallad.‚·
1137 4275 1240 4354 v1,
1273 4282 1335 4340 2.
