2975 5159
1492 462 1880 530 ...66-

650 605 764 678 die
796 627 1007 701 quam
1067 606 1557 681 maturissimas
1595 632 1768 683 uvas
1813 611 2083 704 legebat
2129 619 2197 682 et
2237 607 2683 704 proculcabat
2721 630 2741 673 ε

646 741 948 803 mustum
991 731 1283 840 deinde,
1331 744 1700 828 antequam
1755 736 1947 830 prelo
1985 758 2101 830 pes
2157 734 2618 819 eximeretur,
2654 730 2747 802 de

644 856 792 929 lacu
825 856 895 929 in
937 879 1100 930 vasa
1138 858 1507 933 defrutaria
1545 861 1935 950 deferebat,
1978 871 2049 932 et
2094 870 2168 934 ut
2212 859 2376 933 inud
2413 879 2501 930 ex
2548 878 2743 928 com-

641 982 853 1054 modo
905 983 1237 1072 ferveret,
1282 984 1419 1056 leni
1473 986 1768 1080 primum
1819 985 1983 1078 igne
2024 984 2484 1077 tenuibusque
2533 980 2746 1072 lignis
2783 1031 2800 1036 -

642 1109 994 1182 fornacem
1026 1109 1457 1183 incendebat.
1510 1111 1833 1183 Plumbea
1881 1111 2105 1208 potius
2146 1131 2351 1204 quam
2386 1129 2583 1181 aenea
2621 1128 2742 1179 so·

636 1233 871 1307 lebant
901 1257 1052 1308 esse
1090 1258 1258 1308 vasa
1285 1235 1543 1329 quibus
1582 1236 1926 1309 defrutum
1968 1236 2420 1330 coquebatur,
2461 1234 2625 1328 qnia
2662 1233 2737 1303 in

636 1372 913 1432 coctura
970 1361 1349 1453 aeruginem
1415 1363 1848 1435 remittebant
1898 1384 2094 1435 aenea
2152 1375 2221 1435 et
2261 1359 2743 1433 medicaminis

634 1506 948 1579 saporem
997 1485 1358 1558 vitiabant.
1411 1487 1671 1577 Igitur,
1714 1509 1801 1559 ne
1841 1488 2164 1581 perforari
2209 1487 2526 1581 plumbea
2570 1506 2737 1580 pos-

630 1620 823 1697 sent,
864 1632 1001 1683 non
1045 1610 1465 1683 vastioribus
1519 1611 1720 1706 lignis
1762 1613 2107 1684 fornacem
2167 1611 2578 1684 incendebat
2617 1608 2737 1682 itte

629 1736 747 1829 qui
781 1745 1002 1808 musto
1027 1736 1486 1829 decoquendo
1529 1749 1849 1832 praeerat,
1884 1748 1954 1810 et
1991 1740 2083 1810 ita
2111 1738 2517 1829 subjiciebat
2545 1739 2733 1827 tigna

630 1882 717 1933 ne
783 1861 1069 1933 fundum
1120 1862 1624 1953 contingerent.
1675 1864 1974 1936 Curabat
2030 1885 2310 1958 quoque
2365 1862 2590 1935 media
2652 1863 2735 1933 in

620 1986 941 2060 coctione
983 1999 1058 2059 ut
1108 1987 1299 2060 omni
1348 1988 1522 2061 faece
1564 2000 1861 2061 mustum
1912 1988 2249 2082 privaret,
2294 1999 2363 2062 et
2405 1989 2495 2061 ad
2543 1988 2735 2062 hune

626 2133 828 2183 usum
862 2111 1163 2185 habebat
1194 2112 1555 2186 fasciculos
1578 2113 1882 2187 foenicuii
1906 2114 2199 2187 fustibus
2229 2113 2525 2205 illigatos
2548 2134 2734 2206 quos

623 2260 845 2332 usque
894 2240 983 2311 ad
1036 2240 1325 2311 fundum
1377 2261 1726 2318 vasorum,
1753 2240 2200 2327 demittebat,
2238 2253 2313 2310 ut
2352 2241 2583 2312 faecem
2623 2239 2734 2311 sic

623 2364 1004 2457 exagitaret
1053 2374 1124 2437 et
1176 2364 1244 2437 in
1299 2387 1644 2440 summum
1696 2367 2092 2455 reduceret,
2143 2387 2417 2438 onmem
2481 2374 2732 2460 postea

620 2489 1014 2584 spurcitiam
1054 2491 1597 2585 expurgaturusl
1635 2494 1862 2580 Quem
1889 2513 2090 2566 usum
2120 2513 2160 2563 a
2196 2489 2483 2584 Virgilio
2521 2500 2730 2562 nota·

621 2625 765 2688 tum
804 2637 959 2688 esse
990 2616 1309 2688 videmus
1349 2617 1481 2690 inis
1515 2615 1583 2687 in
1621 2619 1940 2690 versibus
1967 2617 2088 2711 qui
2117 2617 2457 2713 pertinent
2497 2616 2592 2690 ad
2627 2617 2733 2690 la·

614 2742 817 2815 bores
847 2741 1171 2814 hibernos
1209 2765 1225 2811 ε

775 2935 1036 3010 Interea,
1067 2932 1319 3014 longum
1342 2939 1529 2995 cantu
1560 2929 1757 2996 solata
1780 2931 2083 3012 laborem,

772 3043 1008 3123 Arguto
1035 3040 1264 3120 conjux
1296 3039 1604 3121 percurrit
1631 3039 1876 3121 pectine
1905 3040 2079 3116 telam,

777 3150 899 3210 Aut
929 3145 1129 3209 dulcis
1157 3146 1348 3210 musti
1381 3146 1663 3209 Vulcano
1690 3144 1985 3226 decoquit
2012 3146 2361 3224 humorem,

776 3258 854 3319 Et
878 3253 1039 3319 tonis
1064 3254 1296 3318 undam
1318 3253 1516 3338 tepidi
1543 3237 1867 3337 despumat
1891 3253 2075 3318 aheni
2108 3256 2211 3336 (t).

710 3432 773 3504 A
816 3433 1089 3505 defruto
1128 3455 1312 3530 sapa
1351 3430 1721 3503 differebat
1775 3432 1941 3524 quia
1979 3430 2198 3523 magis
2231 3454 2436 3525 quam
2474 3429 2724 3505 defru-

612 3558 758 3630 tum
809 3556 1348 3652 decoquebatur.
1400 3555 1644 3647 Majori
1695 3555 1903 3648 igitur
1950 3555 2241 3628 coctioni
2294 3559 2467 3650 opus
2516 3568 2727 3630 erant

609 3701 795 3756 curae
833 3683 1128 3775 majores
1192 3704 1278 3754 ne
1311 3702 1435 3753 vas
1467 3680 1689 3776 ipsum
1728 3680 1887 3774 igne
1928 3683 2483 3775 pertunderetur,
2530 3703 2724 3757 neve

608 3811 1011 3882 adureretur
1058 3818 1358 3878 mustum
1416 3806 1812 3898 tristemque
1868 3807 2255 3900 conciperet
2301 3810 2722 3880 amaritudi-

607 3953 768 4007 nem
793 3956 930 4028 qua
955 3932 1335 4005 condituris
1360 3931 1603 4002 inutile
1631 3930 1846 4002 fieret.
1880 3919 2313 4025 Quapropter
2334 3943 2723 4027 antequam

610 4062 884 4157 incepta
913 4060 1147 4132 fuisset
1185 4057 1523 4145 decoctio,
1552 4056 1963 4132 intrinsecus
1992 4060 2146 4134 oleo
2186 4058 2501 4153 plumbea
2539 4082 2726 4133 vasa

698 4260 775 4346 (1)
809 4260 975 4341 Virg.
1010 4261 1249 4339 Georq„
1280 4260 1326 4333 1,
1357 4259 1642 4321 293·296.
