2975 5159
280 625 350 686 et
394 597 463 684 in
509 615 750 686 sucula
791 627 918 686 sex
961 625 1158 689 erant
1193 616 1532 688 foramina
1564 636 1686 710 per
1722 638 1882 709 quae
1913 618 2111 689 funes
2149 615 2388 691 mitte-

278 751 518 811 rentur
563 766 579 809 :
614 761 774 812 nam
808 742 880 811 in
926 763 1199 813 summa
1240 754 1430 835 parte
1467 741 1731 836 stipites
1770 743 2112 834 jungebat
2135 744 2384 836 jugum

280 865 373 936 de
409 888 550 958 quo
595 866 899 938 trochlea
937 867 1036 938 sic
1086 867 1431 959 pendebat
1464 875 1544 938 ut
1573 867 1997 940 subductarii
2032 869 2230 940 funes
2266 882 2387 941 aut

282 990 546 1083 prelum
577 973 1021 1064 sublevarent
1055 1002 1171 1063 aut
1200 991 1642 1066 deducerent.
1681 991 1904 1077 Quum
1947 1001 2176 1065 autem
2215 981 2385 1066 illud

278 1099 711 1188 sublevatum
738 1099 1000 1207 fuisset,
1029 1118 1342 1209 protinus
1364 1118 1437 1190 in
1465 1138 1696 1190 aream
1715 1117 2199 1190 demittebatur
2217 1128 2389 1190 uva-

277 1264 430 1312 rum
460 1241 725 1329 fiscina,
754 1254 823 1315 et
853 1242 1116 1316 fiscinae
1130 1240 1493 1335 diligenter
1520 1241 2003 1338 imponebatur
2021 1240 2238 1329 orbiS,
2265 1265 2385 1337 pe-

277 1366 481 1438 dibus
501 1377 798 1458 quatuor
827 1368 1033 1457 latus,
1060 1369 1178 1459 qui
1202 1378 1414 1440 totam
1433 1368 1622 1440 illam
1651 1377 1909 1459 tegeret
1925 1367 2019 1438 ita
2051 1365 2216 1442 utin
2239 1390 2387 1440 om-

278 1490 482 1562 nibus
500 1515 702 1585 aeque
724 1493 1030 1588 partibus
1050 1515 1211 1565 uvae
1238 1493 1537 1566 demisso
1559 1478 2380 1587 preloprcmerenturffl).

374 1618 763 1708 Quiavero
800 1619 996 1692 istius
1041 1620 1315 1708 generis
1355 1616 1694 1692 torculum
1733 1617 1982 1708 ingens
2018 1628 2197 1705 erat,
2244 1640 2385 1692 uon

279 1743 539 1814 moveri
564 1742 696 1813 nisi
730 1743 1071 1834 magnoin
1099 1743 1469 1815 torculario
1490 1753 1784 1837 poterat,
1817 1752 1886 1813 et
1908 1764 2075 1815 mox
2102 1745 2386 1818 inventa

279 1866 554 1937 fuerunt
600 1867 867 1940 minora
897 1889 1058 1962 quae
1091 1890 1229 1940 non
1257 1869 1399 1960 jam
1439 1889 1565 1964 per
1610 1867 1796 1941 illud·
1824 1868 2088 1960 prelum
2117 1868 2239 1942 sed
2266 1891 2389 1962 per

278 1992 595 2063 cochleas
647 2002 1113 2065 moverentur.
1172 1989 1449 2064 Etenim
1501 1990 1801 2062 vinaceis
1850 1990 2386 2085 imponebantur

278 2099 606 2211 tympana
665 2139 825 2209 quae
887 2117 1114 2191 media
1183 2138 1306 2211 per
1365 2115 1682 2187 cochleas
1752 2115 2181 2209 deprimebat
2243 2137 2385 2208 ma-

277 2241 384 2311 lus
417 2240 549 2337 (2),
597 2254 663 2314 et
707 2243 923 2313 multo
967 2241 1250 2314 brevius
1307 2240 1406 2312 sic
1464 2239 1931 2312 instruebatur
1983 2240 2377 2311 aedificium.

276 2365 451 2436 Hinc
496 2366 706 2459 igitur
750 2366 1174 2438 tor-culorum
1217 2387 1468 2459 genera
1510 2365 1707 2437 duo:
1740 2388 1831 2436 ex
1873 2365 2124 2459 quibus
2169 2350 2383 2436 unum

268 2491 603 2588 ‘vectibus
657 2503 725 2563 et
780 2493 975 2588 prelo
1036 2492 1472 2588 premebatur
1506 2544 1526 2580 ,
1592 2492 1877 2562 alterum
1936 2491 2382 2586 torquebatur

274 2618 594 2689 cochleis.
640 2619 904 2711 ltaque,
955 2640 1043 2691 ne
1083 2617 1528 2690 torcularium
1566 2629 1685 2688 aut
1731 2620 1951 2709 majus
1994 2627 2112 2689 aut
2159 2617 2384 2687 minus

274 2741 652 2815 aedificaret
687 2743 974 2831 vinitor,
1001 2743 1313 2835 jamjam,
1353 2764 1569 2835 quum
1609 2742 1781 2813 illud
1821 2739 2151 2814 aedificari
2180 2741 2387 2835 juhe-

278 2879 406 2957 ret,
447 2870 624 2942 scire
664 2869 960 2942 debebat
1009 2868 1263 2961 quibus
1320 2867 1596 2939 tor'culis
1634 2887 1885 2937 usurus
1917 2876 2115 2937 esset.
2178 2865 2381 2952 Quod

286 3016 427 3066 non
459 2995 705 3087 effugit
732 2993 1150 3080 Vitruvium,
1181 2994 1298 3085 qui
1330 2989 1486 3063 talia
1528 3000 1872 3086 praecepta
1892 2989 2173 3063 vinitori
2201 3010 2381 3085 prae·

275 3113 474 3190 buit:
531 3148 564 3183 t<
600 3121 834 3213 Ipsum
862 3130 1088 3190 autem
1137 3117 1608 3204 torcularium,
1652 3117 1709 3187 si
1744 3136 1885 3189 non
1924 3111 2218 3188 cochleis
2248 3098 2383 3187 tor-

141 3323 170 3348 ae
272 3259 545 3338 quetur,
592 3245 714 3316 sed
755 3245 1079 3317 vectibus
1099 3253 1165 3315 et
1201 3244 1391 3338 prelo
1432 3242 1804 3337 premitur,
1832 3261 1922 3313 ne
1960 3241 2184 3312 minus
2226 3241 2377 3313 lon·

273 3391 441 3462 gum
491 3357 697 3464 pedes
746 3369 1204 3464 quadraginta
1254 3368 1779 3441 constituatur.
1850 3367 1944 3439 ita
2004 3366 2184 3438 enim
2253 3368 2382 3439 erit

360 3519 437 3604 (1)
474 3523 563 3583 De
593 3518 1166 3601 pre10‚arboribuS‚
1201 3518 1415 3581 sucula
1453 3524 1517 3580 et
1563 3516 1809 3580 illarum
1843 3515 2123 3580 omnium
2168 3535 2377 3581 rerum

280 3627 709 3708 magnitudine
736 3626 870 3689 vide
912 3628 1233 3702 Catonem,
1260 3627 1448 3688 XVIII
1484 3645 1498 3687 ε
1535 3647 1566 3684 «
1591 3621 2025 3688 Torcularium
2057 3623 2378 3705 quomodo

276 3735 570 3811 aedifices,
607 3758 636 3796 n
684 3742 872 3816 atque
906 3734 1093 3798 etiam
1128 3734 1287 3807 XIX,
1319 3723 1453 3806 XX,
1485 3731 1641 3798 XXI.
1675 3730 1856 3794 Conf.
1896 3749 2148 3814 quoque
2188 3731 2376 3807 Ptin„

248 3838 486 3921 -xvm,
519 3843 618 3917 31,
651 3840 758 3922 qui
796 3838 1081 3903 dissentit
1109 3838 1186 3901 de
1211 3836 1615 3901 crassitudine
1645 3837 1825 3920 preli,
1860 3836 2076 3901 dicens
2103 3853 2122 3899 ε
2161 3857 2193 3897 α
2221 3838 2386 3900 Lon·-

273 3948 492 4028 gitudo
527 3947 593 4009 in
643 3947 741 4010 his
784 3946 993 4022 refert,
1045 3963 1171 4008 non
1213 3944 1609 4008 crassitudo:
1656 3945 1927 4025 spatiosa
1970 3944 2195 4010 melius
2235 3961 2384 4026 pre-

507 4078 520 4111 ›

274 4061 473 4237 muci}
481 4079 666 4229 Piin„
716 4152 926 4230 XVIII,
954 4156 1079 4215 31.
1124 4174 1156 4212 α
1197 4150 1361 4214 Malo
1403 4151 1467 4213 in
1506 4150 1718 4214 medio
1759 4152 2042 4229 decreto,
2090 4156 2383 4232 tympana

271 4262 565 4343 imposita
595 4260 857 4323 vinaceis
887 4277 1152 4340 superne
1175 4265 1305 4323 toto
1336 4259 1615 4341 pondere
1645 4275 1944 4340 urgere.»
