2975 5159
1131 516 1520 586 -11-

276 683 560 736 causam
607 663 808 733 situm
858 675 1191 738 terrarum
1241 688 1467 758 neque
1507 667 1784 760 planum
1826 664 2247 760 probabant,
2285 689 2372 738 ne

279 798 658 881 stagnaret,
698 810 922 880 neque
953 788 1154 859 nimis
1185 800 1632 885 praeruptum,
1665 812 1755 862 ne
1780 791 2087 862 celeriter
2115 789 2372 863 deflue-

278 927 422 1006 ret3
465 915 590 987 sed
623 937 714 986 ex
738 915 843 986 his
878 913 1201 986 omnibus
1243 924 1585 1009 aequatam
1623 915 2156 988 mediocritatem
2193 935 2373 987 sem-

282 1063 403 1134 per
445 1040 683 1111 utilem
728 1062 878 1112 esse
915 1041 1287 1112 censebant
1319 1039 1461 1137 (l),
1500 1042 1939 1136 optimusque
1980 1042 2203 1113 vineis
2257 1042 2377 1115 ha-

276 1165 571 1238 bebatur
613 1164 724 1234 vel
776 1185 1061 1258 campus
1120 1166 1438 1262 apertior,
1491 1166 1610 1258 qui
1660 1167 1966 1261 pluvium
2014 1166 2373 1238 humorem

279 1292 463 1362 clivo
503 1291 783 1361 fallente
811 1290 1246 1379 subduceret,
1289 1293 1395 1362 vel
1427 1292 1616 1363 collis
1653 1314 1778 1385 per
1811 1292 2130 1363 inclinata
2166 1292 2378 1363 latera

279 1415 579 1488 molliter
608 1414 973 1487 deductus.
1010 1416 1328 1513 Hyginus
1355 1439 1633 1510 quoque
1663 1418 1994 1488 montium
2023 1415 2185 1502 ima,
2217 1438 2377 1509 quae

279 1563 319 1611 a
360 1540 1189 1616 verticibusdefluentem
1232 1543 1520 1614 humum
1563 1543 1970 1635 receperint,
2001 1543 2105 1613 vel
2142 1542 2375 1626 vallea,

279 1688 445 1760 quae
479 1666 840 1740 fluminum
870 1667 1123 1740 alluvie
1154 1677 1240 1738 ‘et
1276 1667 1843 1738 inundationibus
1868 1667 2370 1757 concreverint,

270 1802 477 1886 aptas
519 1813 675 1863 esse·
723 1791 943 1863 vineis
999 1804 1347 1863 asseverat
1394 1823 1411 1862 :
1458 1815 1588 1863 nec
1631 1792 1946 1864 dissentit
2008 1791 2376 1864 Columella

282 1918 411 2012 qui
447 1917 649 1990 etiam
690 1918 939 1989 fatetur
980 1918 1242 1989 vitibus
1276 1918 1575 1990 amicum
1612 1940 1761 1989 esse
1804 1917 2085 2006 silicem,
2115 1919 2235 1988 cui
2263 1941 2376 1988 su-

282 2041 711 2135 perpositum
756 2042 960 2114 fuerit
990 2043 1341 2114 modicum
1384 2053 1759 2128 terrenum,
1796 2042 1955 2134 quia
1989 2041 2278 2131 frigidus
2311 2054 2378 2112 et

288 2177 498 2237 tenax
532 2167 841 2240 humoris
894 2189 1013 2262 per
1067 2177 1291 2241 ortum
1332 2168 1674 2240 Caniculae
1722 2189 1866 2239 non
1907 2167 2159 2272 patitur
2195 2167 2379 2238 sitire

282 2291 552 2363 calices.

381 2418 620 2509 Neque
701 2428 965 2488 tantum
1033 2418 1117 2487 ad
1202 2418 1353 2493 haec
1432 2406 1663 2488 omnia
1737 2417 2377 2512 contemplationem

282 2561 482 2611 suam
529 2541 824 2633 dirigere
871 2541 1167 2614 debebat
1205 2543 1528 2634 agricola,
1587 2542 1707 2613 sed
1760 2543 1964 2614 etiam
2018 2541 2111 2611 illi
2163 2541 2379 2634 respi-

284 2666 572 2737 ciendus
618 2678 767 2737 erat
812 2676 1028 2739 status
1081 2668 1261 2755 coeli,
1306 2671 1508 2759 cujus
1548 2689 1754 2759 quam
1801 2667 2154 2759 regionem
2191 2685 2379 2759 spec-

284 2801 431 2863 tare
463 2777 756 2863 debeant
784 2792 1032 2863 vineae.
1090 2793 1242 2878 Qua
1281 2793 1354 2862 in
1397 2793 1785 2886 quaestione
1826 2814 2070 2881 magna
2110 2792 2378 2861 dissen—

283 2915 432 2986 sio:
469 2918 720 2987 etenim
750 2916 958 3007 Mago
985 2916 1221 2987 laudat
1246 2918 1514 3009 plagam
1535 2916 2161 3009 septentrionalem,
2196 2916 2381 2986 exis-

283 3042 537 3114 timans
584 3044 645 3113 ei
690 3042 1036 3134 subjectas
1074 3041 1522 3113 feracissimas
1557 3041 1706 3113 fieri
1742 3041 2015 3131 vineas3
2059 3044 2371 3128 Saserna,

280 3168 599 3259 Magonis
643 3167 1053 3238 sententiam
1090 3188 1390 3257 neganS,
1434 3167 1679 3260 probat
1723 3167 2029 3238 maxime
2074 3168 2237 3237 solis
2265 3188 2377 3238 or-

284 3305 458 3379 tum,
504 3292 757 3368 deinde
783 3290 1166 3382 meridiem,
1210 3302 1352 3364 tum
1384 3314 1744 3382 occasum;
1790 3302 1859 3364 et
1907 3312 2229 3364 occasum
2276 3291 2381 3385 ip-

281 3442 437 3491 sum
467 3421 564 3491 sic
600 3420 920 3514 repudiat
945 3418 1308 3508 Virgilius:

446 3643 607 3702 Neve
633 3639 747 3702 tibi
781 3639 859 3701 ad
885 3638 1083 3701 solem
1111 3644 1368 3719 vergant
1392 3638 1595 3700 vineta
1627 3637 1952 3700 cadentem
1982 3639 2087 3716 (Ξ).

279 3847 420 3920 Sed
444 3847 515 3918 in
542 3846 931 3918 universum
964 3845 1052 3916 de
1080 3844 1414 3916 industria
1455 3842 1761 3936 praecipit
1800 3842 2175 3930 Graecinus,
2212 3853 2284 3912 ut
2310 3842 2378 3911 in

278 3974 452 4046 locis
493 3971 753 4064 frigidis
788 3970 1170 4043 meridiano
1214 3970 1441 4040 vineta
1493 3968 1965 4058 subjiciantur,
2025 3968 2098 4037 in
2139 3966 2384 4060 tepidis

369 4200 450 4279 (1)
492 4221 522 4258 α
547 4197 724 4262 Utilis
750 4215 998 4277 semper
1028 4202 1123 4259 est
1147 4201 1386 4278 aequata
1419 4191 1838 4257 mediocritas,
1867 4216 1899 4254 a
1939 4194 2198 4271 Pallad„
2227 4193 2283 4273 Ἰ,
2318 4199 2376 4259 5.

375 4307 454 4392 (2)
491 4308 688 4387 Virg„
726 4308 968 4387 Georq„
999 4307 1072 4381 ΙΙ,
1104 4308 1246 4367 297.
