2975 5159
1443 514 1829 588 ww*

602 665 707 740 ria
740 663 1024 742 fuam
1050 662 1334 754 iudicia,
1370 663 1597 750 Quam
1625 663 1812 736 enim
1831 664 2124 737 Saserna
2157 672 2350 757 pater
2375 661 2692 756 filiusque

594 789 1135 872 dannaverat.
1154 788 1526 864 nutatim
1552 790 1793 866 Scrofa
1820 800 2252 865 concesserat
2287 789 2696 887 magnisque

600 915 920 992 laudibm
946 915 1467 988 celebraverat:
1507 915 1936 989 habebantur
1969 927 2192 988 tamen
2233 914 2302 987 in
2342 915 2427 986 iis
2455 916 2689 1002 rebuS,

598 1062 764 1138 quae
789 1043 878 1116 ad
906 1063 1112 1134 agros
1133 1050 1203 1114 et
1230 1041 1511 1116 arbores
1532 1043 1899 1138 pertinent,
1934 1064 2135 1136 aeque
2166 1040 2555 1137 peritissimi
2572 1041 2695 1114 Sa-

600 1187 823 1244 sernae
862 1175 932 1238 et
971 1167 1244 1254 Scrofa,
1290 1179 1444 1262 post
1503 1166 1829 1244 Catonem
1890 1166 2298 1263 peritissimi.
2354 1166 2694 1240 Caeterum

599 1291 973 1366 Columella
1006 1303 1074 1363 et
1096 1290 1355 1366 Plinius
1386 1303 1880 1365 consenserunt
1905 1303 1975 1366 et
2010 1292 2300 1368 initalia
2333 1294 2510 1364 vites
2533 1311 2693 1368 cum

597 1416 894 1490 arbustis
917 1416 1239 1507 conjungi
1273 1437 1477 1511 posse
1497 1416 1860 1505 dixerunt3
1890 1417 2149 1494 Plinius
2181 1418 2384 1490 etiam
2411 1417 2517 1489 bis
2538 1440 2696 1490 ver-

595 1540 702 1615 bis
742 1563 880 1613 non
922 1541 1148 1616 dubiis
1180 1563 1343 1613 usus
1370 1551 1477 1613 est
1515 1566 1534 1612 z
1583 1571 1615 1607 α
1646 1544 1885 1636 Longo
1917 1543 2270 1637 judicatur
2296 1564 2458 1616 aevo
2488 1543 2691 1615 nobi·

598 1667 688 1740 lia
729 1665 887 1740 vina
933 1689 1068 1739 non
1112 1666 1240 1740 nisi
1284 1666 1357 1738 in
1401 1668 1704 1741 arbustis
1745 1669 1986 1762 gigni,
2035 1679 2101 1740 et
2152 1669 2220 1739 in
2269 1667 2377 1740 his
2419 1689 2697 1764 quoque

598 1793 988 1866 laudatiora
1016 1791 1328 1881 summiS‚
1370 1792 1548 1866 sicut
1589 1794 1903 1866 uberiora
1934 1793 2091 1866 imis
2126 1816 2140 1860 ε
2183 1793 2358 1866 adeo
2395 1794 2694 1865 excelsi-

602 1928 740 1992 tate
798 1918 1149 2013 proficitur
1183 1918 1330 2014 (t·);
1397 1948 1431 1984 n
1493 1929 1565 1992 et
1613 1919 1987 1992 Columella
2041 1946 2057 1991 ε
2104 1947 2138 1985 ιι
2196 1921 2344 1990 Non
2404 1918 2694 1991 dubium

598 2046 765 2139 quin
805 2044 980 2116 vites
1024 2055 1214 2117 tanto
1259 2045 1560 2118 melioris
1611 2044 1881 2140 saporis
1945 2046 2300 2141 praebeant
2359 2060 2691 2135 mustum,

600 2180 857 2264 quanto
892 2169 963 2241 in
1003 2169 1290 2242 editiora
1327 2170 1496 2263 juga
1540 2182 1964 2263 consurgunt
1996 2168 2134 2265 (2).
2170 2201 2203 2236 n

688 2297 910 2370 Vitem
950 2296 1248 2367 maxime
1274 2297 1688 2368 ridebantur
1706 2297 1890 2368 alere
1925 2298 2173 2383 uirum,
2207 2297 2523 2391 populus,
2561 2296 2700 2367 fra-

596 2423 807 2497 xinus
831 2475 851 2511 ,
896 2431 965 2494 et
1005 2422 1256 2495 deinde
1294 2420 1465 2493 fieus
1510 2432 1719 2514 atque
1759 2422 1959 2494 etiam
2008 2422 2199 2509 olea,
2242 2422 2297 2493 si
2334 2444 2477 2493 nou
2513 2431 2699 2494 esset

591 2549 918 2622 umbrosa
965 2548 1228 2620 ramis:
1266 2570 1427 2619 nam
1484 2546 1798 2620 frondem
1845 2569 1977 2619 nee
2025 2547 2351 2638 exiguam
2411 2565 2540 2618 uec
2589 2547 2696 2618 ni·

592 2675 802 2747 miam
832 2695 982 2746 esse
1014 2674 1363 2762 volebant,
1404 2673 1568 2767 quia
1608 2694 1734 2744 nec
1770 2673 2075 2768 amplum
2122 2672 2446 2768 pabutum
2487 2691 2693 2769 peco-

593 2799 783 2871 ribus
811 2798 1163 2894 praebebat
1202 2800 1480 2890 exigua,
1516 2820 1648 2872 neo
1675 2800 1814 2870 soie
1853 2798 2093 2869 nutriri
2136 2801 2372 2871 vineas
2397 2800 2693 2894 permit-

592 2925 781 2997 tebat
819 2926 1050 2998 nimia.
1108 2927 1169 2997 A
1210 2925 1554 3020 plerisque
1593 2923 1802 3016 igitur
1838 2922 2336 3019 repudiabatur
2368 2924 2688 3019 populuS‚

591 3069 753 3144 quae
784 3069 1012 3122 raram
1040 3071 1266 3142 neque
1304 3049 1626 3120 idoneam
1664 3047 1977 3122 frondem
2016 3047 2249 3143 pecori
2286 3048 2682 3142 praebebat3

590 3176 658 3248 in
698 3175 867 3246 locis
916 3175 1175 3269 asperis
1222 3183 1291 3246 et
1330 3174 1686 3262 montosiS,
1737 3172 1992 3266 quibus
2046 3171 2277 3244 minus
2325 3173 2691 3247 laetabatur

593 3303 855 3391 nimus,
914 3311 1099 3373 recte
1135 3298 1493 3372 serebatur
1542 3297 1859 3371 fraxinus
1910 3318 2108 3393 quae,
2161 3298 2385 3392 capris
2433 3308 2498 3370 et
2538 3299 2691 3370 ovi-

589 3426 723 3498 bus
762 3425 1192 3518 gratissima,
1241 3447 1381 3496 non
1436 3424 1669 3497 bubus
1726 3422 1986 3496 inutilis
2045 3434 2247 3496 erat:
2297 3424 2421 3496 sed
2459 3425 2690 3497 ulmus

587 3572 750 3647 quae
772 3551 984 3623 variis
1013 3551 1384 3644 generibus
1414 3550 1542 3622 soli
1567 3547 2009 3644 proveniens,
2043 3558 2114 3621 et
2139 3548 2351 3627 vitem
2384 3567 2691 3621 eommo-

584 3678 867 3750 dissime
928 3677 1315 3770 patiebatur
1366 3686 1434 3748 et
1509 3674 1981 3747 dulcissimum
2058 3675 2286 3748 bubus
2352 3676 2685 3771 pabulum

586 3802 961 3899 praebebat,
988 3823 1027 3873 a
1062 3802 1395 3897 plerisque
1427 3800 1946 3896 praeferebatur,
1981 3822 2062 3872 ao
2086 3801 2432 3893 virginus,
2468 3823 2686 3893 quum

584 3928 674 4000 de
695 3927 952 3998 vitibus
978 3939 1046 3997 et
1064 3927 1362 3999 arbustis
1390 3926 1776 4018 conjunctis
1802 3925 2125 4020 loquitur,
2151 3927 2377 3999 ulmos
2399 3947 2686 4020 praeser-

583 4054 707 4124 tim
754 4062 1114 4123 memorat.

662 4216 748 4309 (i)
777 4213 960 4289 min„
997 4213 1178 4290 xva,
1211 4215 1313 4276 23.

673 4323 754 4397 (2)
785 4319 1055 4394 colum..
1086 4322 1187 4394 lv,
1221 4323 1318 4384 ¹9.
