2975 5159
1488 549 1922 616 -102—

2647 694 2740 746 Pag,

648 774 747 837 lv·
794 773 1017 850 Quibus
1056 774 1255 839 modis
1285 793 1393 857 per
1424 773 1692 838 hiemem
1721 778 2107 837 servarentur
2139 792 2269 835 uvae
2283 816 2576 833 ........
2669 777 2740 834 53

646 881 723 943 V.
766 881 1084 956 Quomodo
1112 881 1495 945 calcarentur
1519 888 1580 944 et
1609 885 2031 962 premerentur
2059 898 2189 942 uvae
2202 924 2536 941 .........
2539 924 2577 939 t.
2669 884 2744 943 58

645 987 746 1049 vl.
791 988 877 1050 De
902 991 1107 1051 musto
1132 1005 1417 1070 expresso
1429 1029 2577 1051 .............................
2669 990 2742 1050 62

646 1093 768 1155 vn.
812 1092 980 1156 Vinia
1015 1094 1205 1158 coctis
1238 1091 1637 1158 condiebatur
1664 1100 1937 1157 mustum
1949 1135 2577 1156 ................
2669 1097 2744 1156 63

643 1202 796 1264 vul.
837 1201 1109 1266 Mustum
1134 1205 1198 1264 et
1225 1200 1353 1266 sale
1374 1199 1773 1266 confflemtur
1786 1241 2575 1266 ....................
2670 1202 2748 1263 68

641 1309 745 1372 ΙΧ.
790 1308 882 1371 De
907 1307 1140 1372 caeteris
1172 1307 1354 1371 rebus
1371 1308 1450 1371 ad
1477 1316 1753 1374 mustum
1780 1307 2217 1389 pertinentibus
2231 1351 2571 1369 .........
2671 1313 2747 1371 (,9

642 1416 714 1475 Χ.
761 1416 847 1477 De
873 1415 1005 1477 lora
1031 1415 1361 1498 faecatoque
1388 1414 1529 1479 vino
1540 1456 2571 1478 ..........................
2672 1419 2740 1477 71

642 1521 739 1583 ΧΙ.
785 1520 1103 1596 Quomodo
1147 1528 1491 1585 servaretur
1528 1520 1737 1584 vinum
1751 1564 2572 1583 .....................
2674 1525 2747 1585 73

638 1628 768 1690 ΧΠ.
812 1625 1041 1702 Quibus
1070 1627 1133 1689 in
1169 1626 1320 1690 locis
1354 1626 1561 1690 vinum
1602 1633 1939 1690 servaretur
1951 1671 2571 1689 ................
2673 1634 2748 1691 76

637 1735 791 1796 xm.
835 1735 1321 1798 Deaoeto.....
1345 1776 2572 1799 ...............................
2673 1740 2741 1799 81

637 1840 792 1901 XIV.
840 1841 927 1901 De
978 1837 1305 1922 praecipuis
1341 1842 1758 1904 Romanorum
1810 1838 1983 1916 vinis,
2030 1857 2102 1903 ac
2129 1839 2459 1924 praesertim
2503 1842 2581 1903 de

716 1945 970 2010 Falerno
980 1988 2572 2009 ........................................
2674 1951 2749 2011 89

636 2052 765 2115 XV.
812 2051 896 2114 De
924 2051 1078 2115 vinis
1100 2052 1369 2115 externis
1401 2053 1662 2122 Romam
1687 2050 1990 2115 translatis
1996 2096 2567 2116 ...............
2672 2057 2749 2118 83

632 2235 968 2300 CONGLUSIO.
1004 2271 1077 2283 --
1105 2237 1192 2301 De
1225 2236 1506 2302 vinorum
1534 2255 1649 2299 usu
1666 2280 2567 2300 .......................
2671 2238 2748 2299 92
