2975 5159
1579 733 1697 802 lv.

847 911 954 977 De
986 904 1257 979 vitibus
1289 931 1445 1006 quae
1491 933 1628 980 nec
1649 905 1855 1007 jugis
1888 933 2017 982 nec
2043 908 2409 984 arboribus

1340 1043 1899 1143 imponebantur.

667 1239 1075 1335 Quanquam
1124 1240 1194 1310 in
1249 1238 1493 1312 ordine
1534 1236 1795 1336 optimo
1852 1237 2288 1335 ponebantur
2336 1240 2560 1313 vineae
2606 1250 2674 1312 et

573 1365 951 1461 praesertim
1013 1363 1086 1436 in
1150 1365 1576 1459 quincunces
1631 1364 1912 1440 ordines
1963 1365 2476 1459 dirigebantur,
2528 1388 2674 1437 non

568 1490 887 1562 omnibus
926 1499 1154 1563 tamen
1189 1489 1438 1562 vinetis
1467 1513 1648 1562 unus
1683 1501 1751 1562 et
1781 1490 1958 1562 idem
1990 1501 2336 1587 aspectus.
2370 1494 2479 1562 Ex
2512 1491 2671 1562 viti-

565 1616 696 1688 bus
740 1617 923 1687 euim
961 1614 1119 1687 aliae
1166 1616 1420 1711 sparsis
1455 1638 1580 1710 per
1609 1626 1856 1687 terram
1908 1616 2304 1710 palmitibus
2329 1619 2665 1708 jacentes»,

564 1739 724 1814 aliae
768 1761 890 1835 per
929 1762 1003 1812 se
1047 1739 1425 1832 subrectae,
1469 1743 1578 1813 vel
1626 1762 1784 1812 cum
1824 1739 2249 1814 adminiculo
2288 1739 2435 1814 sine
2462 1742 2664 1835 jugo,

567 1874 686 1936 aut
710 1864 981 1959 pedatae
1005 1865 1293 1959 simplici
1313 1867 1509 1959 jugo,
1535 1876 1652 1938 aut
1685 1864 2178 1959 compluviatae
2204 1865 2662 1960 quadruplici,

574 2000 692 2062 aut
726 1989 1088 2064 arboribus
1121 1992 1295 2063 latae.

660 2107 903 2179 Paucae
957 2106 1233 2201 quidem
1275 2107 1598 2198 jacebant
1646 2104 1875 2194 bumi;
1940 2131 2101 2181 nam
2149 2127 2346 2196 uvae,
2410 2104 2666 2200 quibus

564 2242 744 2305 terra
774 2232 870 2305 sic
906 2232 1159 2305 cubilia
1189 2233 1569 2327 praebebat,
1612 2254 1797 2329 saepe
1816 2232 2139 2329 vulpibus
2173 2244 2242 2306 et
2265 2232 2668 2304 hominibus

565 2347 822 2430 fiebant
865 2378 1300 2448 communeS,
1335 2369 1542 2452 atque
1576 2359 1809 2447 etiam,
1847 2358 1905 2431 si
1933 2380 2162 2430 mures
2188 2355 2499 2454 pariebat
2532 2355 2664 2427 hu·

562 2503 743 2571 mm,
775 2481 1003 2555 minor
1035 2497 1184 2555 erat
1212 2484 1581 2573 vindemia,
1625 2484 1750 2556 nisi
1797 2495 1960 2557 totae
1995 2481 2223 2557 viueae
2264 2482 2665 2577 muscipulis

566 2611 867 2702 oppletae
921 2607 1231 2682 fuissent.
1294 2609 1537 2702 Itaque
1580 2609 1857 2681 modum
1916 2610 2122 2681 istum
2169 2607 2450 2680 minime
2492 2627 2664 2702 pro-

562 2732 770 2805 babat
814 2733 1229 2806 Columella.
1268 2762 1301 2799 <c
1340 2734 1588 2807 Ultima
1613 2746 1716 2808 est
1746 2735 2072 2825 conditi0,
2108 2731 2204 2805 ait
2235 2732 2369 2828 (1),
2408 2742 2658 2804 strata-

567 2879 721 2930 rum
767 2859 1007 2931 vitium
1046 2879 1208 2954 quae
1254 2860 1342 2932 ab
1393 2873 1597 2933 enata
1634 2861 1844 2958 stirpe
1881 2860 2238 2933 confestim
2274 2860 2463 2998 velut
2501 2877 2665 2955 pro·

561 2984 789 3076 jectae
799 3007 918 3079 per
956 2985 1244 3058 humum
1285 2987 1824 3081 porriguntur.»

660 3109 901 3203 Neque
968 3112 1203 3182 multae
1272 3111 1419 3182 sine
1481 3111 1897 3184 adminiculo
1959 3111 2406 3201 colebantur,
2461 3107 2661 3183 brevi

561 3255 764 3308 crure
798 3238 989 3310 velut
1025 3235 1413 3308 arbusculae
1437 3257 1563 3330 per
1607 3257 1680 3309 se
1716 3246 1993 3308 stantes.
2043 3237 2231 3321 Quas
2259 3249 2487 3308 tamen
2519 3259 2658 3308 non

562 3361 1049 3455 improbabant
1072 3361 1437 3453 vin‘ilores3
1477 3362 1603 3435 sed
1632 3362 1796 3457 quia
1829 3361 1987 3436 vitis
2018 3373 2120 3434 est
2146 3359 2436 3433 flexibili
2462 3360 2657 3433 debi-

562 3486 753 3580 lique
768 3498 1039 3576 natura,
1077 3487 1187 3562 tali
1225 3487 1494 3560 colendi
1525 3487 1788 3560 ratione
1808 3507 2154 3583 nonsaepe
2185 3498 2501 3582 poterant
2523 3485 2654 3558 uti.

561 3612 901 3688 Caeterum
952 3614 1084 3688 illis
1139 3613 1383 3703 etiam,
1426 3634 1590 3707 quae
1625 3635 1747 3709 per
1789 3636 1864 3688 se
1909 3613 2219 3701 stabant,
2265 3635 2309 3684 a
2362 3613 2658 3708 pueritia

564 3739 915 3812 fortiorem
954 3760 1179 3834 usque
1222 3740 1312 3811 ad
1361 3748 1636 3811 aelatem
1681 3738 2109 3811 adminiculis
2144 3761 2320 3836 opus
2366 3749 2536 3827 erat,
2578 3750 2658 3810 ut

566 3875 825 3939 rectum
861 3865 1188 3965 paulatim
1219 3876 1548 3961 caperent
1570 3875 1819 3938 statum
1853 3863 1986 3960 (2).-

658 3989 1132 4078 Quibusdam
1114 4014 1183 4060 1n
1211 3990 1381 4063 locis
1417 3990 1834 4063 adminicula
1863 4001 2129 4062 tantum
2161 3988 2311 4061 sine
2333 3989 2506 4081 jngo
2534 3990 2651 4061 vi

637 4184 713 4267 (1)
753 4183 1020 4261 Colum„
1055 4185 1129 4261 V,
1162 4186 1220 4247 4.

638 4292 722 4374 (2)
753 4293 924 4357 Conf.
953 4291 1137 4369 Plin.,
1166 4292 1348 4371 XVII,
1380 4292 1475 4356 22.
