2975 5159
1445 539 1539 552 „-
1586 500 1633 566 6
1684 537 1779 552 -

560 648 729 727 neis
759 645 927 728 duo
966 648 1374 728 volumina
1411 646 1744 727 facetius
1781 663 1862 725 et
1905 643 2299 725 eruditius
2334 673 2658 755 compo-

560 813 864 894 suerat3
908 813 1030 875 ast
1056 796 1383 876 illorum
1413 824 1661 906 opera
1691 793 2136 904 posteritati
2179 821 2347 872 non
2375 792 2664 876 tradita

556 942 778 1023 fuere
800 1006 819 1043 ,
882 961 961 1023 et
1017 972 1115 1023 ex
1157 941 1313 1023 illis
1371 972 1771 1053 perpauca
1834 959 2146 1021 tantum
2205 960 2658 1052 supersunt,

557 1119 737 1199 quae
786 1092 1119 1174 tradidit
1164 1094 1639 1210 Columella.
1685 1094 1836 1173 Hic
1884 1094 2096 1173 enim
2121 1156 2140 1192 ,
2175 1111 2338 1172 tam
2366 1095 2659 1173 multo·

554 1265 734 1317 rum
763 1267 863 1318 ex
887 1238 1270 1348 operibus
1297 1264 1600 1319 novum
1630 1266 1836 1348 opus
1863 1239 2315 1339 extrahens,
2349 1256 2429 1319 et
2456 1267 2664 1349 saepe

554 1402 1023 1466 caeterorum
1047 1384 1348 1492 judicia
1379 1413 1863 1483 memoranS,
1898 1384 1999 1464 de
2037 1412 2124 1464 re
2152 1386 2442 1465 rustica
2471 1414 2652 1496 pro-

554 1534 762 1614 didit
806 1535 978 1643 ipse
1028 1532 1457 1614 duodecim
1500 1534 1755 1613 libros
1784 1596 1804 1632 ,
1858 1561 2208 1641 quorum
2256 1535 2538 1614 tertius
2586 1553 2665 1613 et

553 1699 887 1790 quartus
923 1680 1028 1761 ad
1054 1683 1255 1761 vites
1284 1683 1718 1791 pertinent.
1777 1683 1984 1760 Pura
2011 1680 2345 1789 quidem
2382 1700 2461 1762 et
2510 1684 2664 1761 ele-

550 1829 816 1934 gantia
844 1828 1088 1908 verba
1130 1828 1319 1908 fecit
1346 1831 1490 1936 (1),
1521 1827 1664 1908 sed
1694 1829 1909 1908 illius
1938 1830 2348 1910 volumina
2379 1859 2660 1940 parum

549 2005 595 2054 a
624 1976 1004 2055 Romanis
1039 1976 1240 2055 lecta
1282 1975 1526 2055 fuisse
1563 1993 1872 2056 constat
1913 1977 2055 2085 (2),
2090 2005 2342 2085 quum
2381 1976 2661 2061 eadem

554 2122 1283 2206 brevius‘edidisset
1309 2122 1710 2203 Palladius
1747 2126 1884 2232 (3).

661 2288 1000 2367 Maxime
1010 2316 1205 2367 vero
1224 2286 1326 2367 de
1342 2287 1563 2366 omni
1584 2303 1868 2366 natura
1879 2349 1898 2385 ,
1914 2315 2005 2364 ac
2022 2286 2244 2365 cultu
2256 2287 2626 2366 vinorum
2638 2350 2656 2385 ‚

553 2434 770 2547 apud
836 2438 1241 2516 Romanos
1284 2432 1828 2516 consulendus
1877 2451 1996 2513 est
2057 2435 2361 2516 Plinius
2421 2464 2662 2548 quem

550 2588 941 2702 habemus
997 2585 1576 2695 amplissimum
1641 2602 2076 2708 auctprem.
2147 2586 2453 2695 Nempe
2524 2588 2666 2695 qui

554 2753 728 2815 toto
775 2737 1090 2840 integro
1148 2731 1362 2813 libro
1408 2734 1598 2813 XIV
1663 2733 1866 2813 adeo
1925 2733 2176 2813 multa
2216 2733 2317 2813 de
2383 2734 2665 2814 vitium

557 2883 931 2962 varietate
981 2899 1059 2961 et
1102 2879 1204 2960 de
1237 2893 1519 2960 natura
1549 2881 1920 2960 vinorum
1952 2899 2468 2961 monumenta
2499 2884 2666 2961 eol-

557 3024 837 3130 legisse
861 3022 1207 3122 videtur,
1242 3040 1335 3102 ut
1359 3025 1494 3102 vix
1521 3023 1852 3103 uberior
1879 3023 2096 3134 apud
2123 3043 2429 3105 veteres
2464 3025 2669 3106 desi-

408 3252 427 3271 ,
549 3169 823 3286 ι(161*31ἱ
855 3171 1107 3280 possit
1138 3167 1530 3249 doctrina.
1574 3172 1641 3248 A
1671 3171 1954 3250 vitium
1978 3188 2260 3251 natura
2279 3174 2666 3282 incipiens

556 3337 635 3399 et
668 3318 1164 3425 distinguens
1206 3345 1524 3424 genera,
1574 3318 1900 3397 nomina
1960 3318 2173 3396 varia
2211 3319 2661 3428 explicavit,

560 3465 955 3545 culturam
992 3465 1443 3562 vinearum,
1497 3466 2118 3572 propagationes
2145 3529 2164 3566 ,
2217 3467 2662 3568 insitiones,

556 3629 1009 3719 temporum
1066 3637 1158 3687 ac
1201 3607 1786 3696 vindemiarum
1834 3613 2304 3716 electiones,
2348 3631 2427 3694 et
2475 3614 2662 3694 hinc

573 3818 580 3826 ⁸
640 3836 717 3919 (1)
766 3834 1064 3898 Versibus
1112 3834 1299 3898 etiam
1364 3836 1613 3917 scripsit
1670 3836 2013 3902 Columella
2067 3840 2380 3905 decimum
2433 3843 2662 3906 librum

560 3967 591 4004 ε(
620 3945 699 4005 de
723 3941 890 4005 cultu
917 3941 1267 4006 hortorum.
1299 3964 1331 4002 »

639 4059 717 4141 (2)
744 4063 834 4124 De
863 4060 974 4122 illo
1007 4060 1356 4141 loquuntur
1385 4060 1665 4137 ServiuS,
1699 4062 2101 4127 Cassiodorus
2130 4072 2192 4128 et
2218 4064 2485 4129 Isidorus
2503 4110 2519 4140 ,
2549 4067 2660 4128 sed

556 4168 769 4242 caeteri
802 4173 1031 4234 tacent.
1441 4162 1464 4183 ⁶

638 4287 718 4368 (3)
748 4289 873 4350 Nec
902 4305 1058 4367 pure
1091 4305 1206 4349 nec
1230 4286 1545 4368 eleganter
1567 4289 1884 4352 volumina
1910 4293 2045 4353 XIV
2066 4292 2312 4373 scripsit
2330 4292 2656 4355 Palladius.
