2975 5159
1084 513 1474 582 ...89-

1151 745 1158 752 ’
1206 767 1351 839 xv.

548 966 655 1030 De
689 961 888 1033 vinis
925 961 1239 1032 externis
1271 966 1570 1032 Romam
1608 960 1998 1032 translatis,

326 1154 485 1227 Non
531 1164 796 1227 tantum
831 1155 969 1241 illa,
1004 1175 1164 1248 quae
1201 1154 1660 1228 nascebantur
1694 1156 1763 1226 in
1803 1153 2020 1243 ltalia,
2049 1154 2119 1230 in
2143 1154 2332 1229 cellis

230 1287 298 1350 et
333 1280 704 1375 apothecis
757 1279 1048 1352 Romani
1080 1280 1474 1365 servabant,
1525 1279 1648 1351 sed
1697 1280 1905 1352 etiam
1947 1279 2162 1352 multa
2195 1279 2332 1350 alia

229 1426 393 1497 quae
445 1405 534 1476 ab
591 1406 896 1475 externis
947 1404 1267 1499 gentibus
1311 1404 1715 1478 colebantur
1767 1413 1836 1476 et
1870 1402 2165 1474 navibus
2210 1423 2332 1497 per

230 1529 450 1601 maria
513 1529 805 1602 Romam
868 1529 1476 1602 transferebantur.
1546 1530 1744 1600 Hunc
1781 1528 1964 1602 enim
2013 1536 2330 1600 evectum

225 1652 488 1746 liquori
546 1654 868 1749 prodesse
923 1654 1295 1725 credebant
1330 1681 1345 1725 ε
1381 1666 1450 1724 et
1496 1652 1955 1744 navigationis
2006 1652 2327 1743 jactatuS,

228 1778 325 1849 ait
362 1778 628 1850 Plinius
644 1778 779 1873 (l),
814 1778 945 1865 his,
988 1800 1152 1870 quae
1193 1776 1619 1861 duraverint,
1671 1787 1937 1848 tantum
1975 1776 2336 1850 vetustatis

226 1903 535 1997 adjicere
558 1904 876 1990 sentitur,
913 1912 1247 1996 quantum
1276 1902 1662 1974 habuerint.

325 2029 573 2120 Itaque
607 2048 696 2096 ex
748 2027 1070 2120 Hispania
1111 2025 1273 2097 vina
1311 2049 1466 2119 quae
1504 2026 1943 2098 celeberrima
1979 2024 2333 2096 habeban-

228 2164 341 2224 tur
381 2151 726 2223 educebat
761 2154 1004 2223 Roma.
1044 2149 1548 2220 Laletanorum
1600 2152 1833 2241 regio,
1875 2171 2084 2243 quam
2122 2148 2333 2231 hodie

224 2300 355 2350 nos
424 2276 823 2372 Catalogne
883 2277 1340 2370 appellamus,
1405 2276 1727 2347 vinorum
1798 2275 1996 2369 copia
2046 2273 2333 2364 insignis

223 2413 402 2488 erat,
451 2400 792 2493 elegantia
821 2423 982 2473 vero
1024 2402 1433 2496 praestabant
1466 2401 2032 2471 Tarraconensia
2065 2396 2200 2496 (2),
2229 2410 2331 2469 at·

223 2552 368 2624 que
405 2529 882 2597 Lauronensia
914 2527 1020 2621 (3)
1065 2538 1134 2600 et
1170 2526 1573 2617 Balearica,
1637 2528 1888 2619 quibus
1916 2546 2101 2596 nunc
2130 2525 2348 2595 etiam*

224 2656 425 2750 apud
477 2676 610 2723 nos
649 2653 993 2725 maximus
1047 2654 1270 2725 honor
1306 2654 1629 2725 tribuitur
1656 2653 1787 2747 (4),
1852 2652 2172 2743 jamjam,
2227 2649 2334 2720 vi-

225 2791 449 2852 vente
500 2778 743 2868 Plinio,
787 2801 938 2849 cum
987 2778 1353 2874 praecipuis
1389 2779 1600 2850 ltaliae
1628 2779 1808 2851 vinis
1849 2774 2143 2850 conferri
2171 2776 2340 2848 sole-

224 2907 431 2977 bant.

323 3029 514 3101 Solis
555 3039 622 3099 et
655 3028 934 3100 orientis
967 3050 1005 3099 e
1048 3029 1350 3122 partibus
1386 3028 1856 3101 educebantur
1894 3030 2186 3099 Romam
2215 3046 2341 3119 op-

232 3242 265 3280 «
299 3214 536 3283 Albani
573 3233 720 3278 vero
750 3231 943 3296 quum
974 3218 1117 3279 duae
1140 3216 1266 3280 sint
1289 3216 1549 3298 specieS,
1590 3216 1715 3279 hoc
1756 3214 1961 3290 dulce,
1991 3213 2143 3276 illud
2171 3230 2346 3276 acer-

224 3326 419 3410 bum,
451 3321 638 3384 ambo
667 3339 702 3383 a
726 3320 970 3384 decimo
993 3321 1212 3402 quinto
1240 3340 1405 3388 anno
1427 3322 1656 3402 vigent.
1700 3320 2126 3386 Surrentinum
2170 3319 2342 3399 vige-

226 3437 406 3499 simo
439 3432 659 3515 quinto
683 3450 844 3496 anno
875 3433 1089 3513 incipit
1116 3452 1252 3498 esse
1278 3435 1450 3510 utile,
1490 3435 1638 3517 quia
1666 3443 1761 3496 est
1783 3433 2010 3517 pingue
2038 3440 2100 3494 et
2128 3431 2224 3493 vix
2251 3430 2345 3492 di·-

223 3542 506 3624 geritur,
543 3557 617 3601 ac
657 3545 1044 3601 veterascens
1074 3540 1276 3603 solum
1313 3540 1384 3602 fit
1428 3540 1601 3622 potui
1645 3539 2022 3602 idoneum...
2065 3536 2341 3600 Tiburti-

226 3664 397 3711 num
430 3645 564 3708 leve
589 3652 717 3720 est,
758 3644 926 3706 facile
956 3652 1226 3726 vaporat,
1259 3646 1427 3725 viget
1469 3645 1549 3707 ab
1601 3645 1770 3708 annis
1815 3646 2054 3708 decem.
2097 3644 2342 3710 Labica-

227 3773 401 3819 num
428 3752 651 3835 pingue
681 3760 743 3814 et
768 3751 926 3815 inter
953 3751 1266 3814 Albanum
1298 3761 1361 3816 et
1395 3753 1728 3815 Falernum
1768 3759 2048 3834 putatur,
2089 3751 2228 3814 usui
2264 3747 2343 3812 ab

224 3860 423 3924 annis
454 3858 673 3930 decem
702 3857 1068 3922 idoneum...
1103 3866 1222 3922 etc.
1255 3881 1285 3917 »2
1322 3858 1578 3937 Athen„
1608 3862 1657 3938 1,
1684 3863 1783 3922 24.

316 3967 417 4050 (1)
445 3967 627 4046 Ptin„
657 3967 811 4045 XIV,
848 3971 945 4033 18.

320 4076 419 4160 (2)
438 4074 607 4138 ‘Vina
634 4095 772 4158 quae
791 4076 1203 4141 nascebantur
1228 4079 1293 4141 in
1322 4098 1470 4160 agro
1496 4095 1660 4141 nunc
1684 4083 1900 4141 vocato
1938 4079 2302 4156 Tarraqone.

330 4189 423 4272 (3)
455 4190 625 4251 Hanc
656 4188 873 4251 urbem
900 4188 1201 4254 destruxit
1225 4189 1375 4252 olim
1407 4188 1742 4252 Sertorius·

331 4298 423 4380 (4)
455 4297 699 4359 Etenim
729 4296 864 4380 quis
890 4296 1100 4360 vinum
1129 4284 1447 4361 Malcoisie
1474 4302 1756 4360 vocatum
1787 4294 2175 4377 asperneret?
