2975 5159
1200 564 1293 576 -.
1346 526 1392 594 ὅ
1446 564 1543 576 -..

332 711 369 750 (ε
404 676 706 756 tionem
734 740 754 776 ,
788 678 900 756 ait
937 679 1410 779 Columella,
1446 678 1871 785 diligenter
1898 675 2366 756 erudierunt
2395 705 2414 772 ;

332 857 371 897 (ε
405 822 679 904 Scrofa
712 825 1219 925 Tremellius,
1249 827 1391 935 qui
1421 828 1659 907 etiam
1697 826 2209 935 eloquentem
2236 822 2412 902 red-

333 1006 373 1046 «
407 970 653 1073 didit3
706 974 810 1051 M.
869 973 1329 1072 Terentius,
1383 975 1526 1083 qui
1561 973 1968 1083 expolivit
2021 973 2133 1079 (1)
2161 1001 2181 1070 3
2236 1003 2276 1045 ι)
2333 998 2425 1049 ac

326 1116 619 1198 deinde
667 1119 1049 1225 Virgilius
1076 1184 1095 1220 ,
1151 1122 1290 1229 qui
1331 1122 1532 1202 vites
1578 1120 2078 1201 ornatissime
2138 1119 2422 1198 cecinit

328 1266 453 1344 his
480 1266 969 1345 carminibus
994 1295 1174 1375 quae
1204 1270 1473 1348 omnia
1503 1268 1886 1347 miramur
1912 1266 2016 1345 ab
2041 1264 2277 1344 initio
2295 1328 2315 1363 ,

449 1484 759 1547 Hactenus
786 1502 1070 1546 arvorum
1099 1484 1299 1548 cultus
1323 1491 1386 1546 et
1413 1483 1618 1547 sidera
1652 1447 1817 1559 coeli,

446 1591 620 1652 Nunc
654 1596 738 1668 te,
776 1591 1037 1666 Bacche,
1067 1610 1310 1669 canam,
1343 1609 1459 1654 nec
1484 1610 1614 1654 non
1636 1588 1927 1653 silvestria
1956 1593 2163 1652 tecum

315 1755 321 1760 .
449 1695 754 1778 Virgulta,
779 1704 843 1761 et
868 1699 1107 1778 prolem
1132 1698 1311 1762 tarde
1333 1698 1659 1764 crescenti-s
1686 1698 1931 1761 olivae...
1967 1696 2056 1777 (2)

329 1907 587 1989 usque
625 1880 729 1961 ad
768 1882 1009 1961 finem
1035 1945 1054 1980 ,

434 2053 587 2157 ..Iam
619 2094 786 2158 canit
816 2100 1126 2158 extremos
1153 2092 1379 2156 effetus
1410 2092 1633 2155 vinitor
1662 2097 1876 2154 antes:
2087 2159 2096 2170 ,

455 2200 854 2284 sollicitanda
877 2206 1089 2264 tamen
1114 2201 1323 2277 telluS,
1355 2197 1680 2282 pulvisque
1706 2195 2073 2272 movenduS,

453 2307 528 2368 Et
547 2306 679 2386 jam
704 2305 967 2368 maturis
1002 2306 1378 2368 metuendus
1402 2303 1645 2385 Jupiter
1672 2302 1810 2367 uvis
1840 2303 1948 2382 (3).

443 2496 641 2598 Quae
671 2493 999 2603 quidem
1038 2496 1386 2574 Maronis
1425 2495 1774 2575 carmina
1817 2493 1919 2575 de
1945 2493 2242 2573 vitibus
2271 2511 2438 2574 non

330 2645 587 2724 multa
615 2660 802 2722 sunt
822 2706 841 2741 ,
877 2642 1017 2722 sed
1059 2645 1425 2750 magnam
1470 2643 1914 2723 utilitatem·
1935 2671 2032 2722 ex
2065 2642 2222 2722 illis
2269 2670 2437 2722 non

337 2794 583 2874 semel
615 2791 952 2872 educere
981 2793 1416 2901 potuimus,

444 2941 913 3021 Praeclaram
968 2958 1243 3050 postea
1292 2954 1749 3018 meruerant
1805 2938 2126 3018 laudem
2182 2935 2439 3017 Julius

338 3091 705 3198 Hyginus
735 3152 754 3187 ,
818 3088 1240 3168 Cornelius
1296 3086 1573 3168 Celsus
1635 3086 1776 3195 qui
1834 3104 2094 3165 totum
2150 3114 2440 3194 corpus

339 3237 780 3347 disciplinae
810 3236 1170 3345 quinque
1197 3233 1426 3313 libris
1454 3234 1918 3343 complexus
1952 3251 2151 3333 erat,
2183 3232 2437 3313 Julius
2524 3264 2575 3331 .'

330 3385 646 3464 'Atticus
686 3413 731 3461 a
761 3412 926 3492 quo
966 3381 1447 3489 singularem
1488 3379 1788 3461 librum
1837 3380 1939 3461 de
1982 3410 2141 3460 una
2180 3382 2438 3489 specie.

341 3534 674 3612 culturae
703 3530 1171 3641 pertinentis
1190 3529 1293 3609 ad
1312 3530 1511 3608 vites
1533 3529 1836 3609 editum
1860 3557 2027 3608 esse
2040 3541 2435 3629 narratur,

341 3699 424 3761 et
448 3681 703 3762 Julius
740 3679 1149 3758 Graecinus
1174 3740 1193 3776 ,
1225 3677 1465 3756 Attici
1504 3676 1982 3786 discipuluS‚
2017 3677 2156 3784 qui
2194 3672 2295 3754 de
2322 3675 2440 3752 vi-

424 3883 505 3966 (1)
540 3882 808 3956 Colum„
845 3882 894 3957 I,
933 3884 990 3941 1.

427 3990 512 4072 (2)
546 3989 716 4068 virg.
727 4034 746 4064 ,
781 3987 1022 4064 Georq„
1049 3987 1122 4059 ΙΙ,
1160 3987 1283 4046 1-3.

431 4097 510 4175 (3)
541 4096 665 4171 ld„
695 4095 976 4156 416-418.
1013 4094 1242 4153 Versus
1267 4090 1392 4165 isti,
1425 4108 1584 4171 quos
1599 4088 1889 4166 dicimus»,
1921 4107 2046 4152 non
2066 4097 2211 4152 sunt
2236 4090 2440 4154 ultimi

347 4202 460 4285 qui
488 4200 870 4265 concludunt
903 4198 1128 4260 librum
1148 4179 1655 4274 secundum,'sed
1681 4195 1887 4259 ultimi
1918 4214 2075 4277 quos
2105 4196 2165 4257 in
2207 4196 2327 4260 hoc
2358 4197 2441 4259 li-

347 4311 465 4374 bro
487 4308 740 4389 scripsit
764 4306 1059 4386 Virgilius
1084 4304 1160 4370 de
1185 4304 1401 4368 vineis.
