2975 5159
1113 512 1496 584 ...ὅθ-...-

271 662 684 758 perveniret3
720 672 864 735 tum
896 662 1108 751 illam,
1133 663 1369 737 relicta
1394 664 1589 750 faece,
1617 663 1689 735 in
1718 663 1854 735 alia
1875 683 2040 734 vasa
2060 661 2346 733 transfe-

272 787 525 873 rebant,
542 786 633 859 ad
659 786 890 860 tertias
905 786 1386 882 decoquebant
1403 799 1473 860 et
1491 786 1903 879 adjiciebant
1915 787 1993 859 in
2012 786 2350 881 quinqua·-

268 912 449 1005 ginta
467 912 808 986 sextarios
818 933 1032 1006 aquoe
1066 911 1287 985 duleis
1310 912 1697 985 sextarium
1714 934 1931 983 unum
1971 912 2132 985 salis
2156 922 2227 984 et
2246 932 2358 1007 pa·

269 1040 424 1112 riter
472 1059 687 1110 unum
723 1037 946 1112 mellis
980 1037 1224 1133 optimi
1261 1061 1278 1107 ε
1311 1058 1474 1131 quae
1514 1038 1749 1112 omnia
1774 1034 2028 1110 deinde
2066 1038 2354 1111 decocta

270 1173 333 1236 et
355 1172 742 1258 expurgata
768 1162 838 1234 in
866 1164 1107 1236 vinum
1141 1162 1613 1238 condiendum
1648 1162 2084 1257 dejiciebant.
2133 1162 2248 1236 Sic
2281 1162 2357 1236 in

270 1286 587 1362 omnibus
613 1287 1011 1381 regionibus
1039 1307 1247 1360 omne
1264 1308 1484 1382 genus
1520 1286 1901 1362 vindemiae
1927 1296 2048 1359 aut
2075 1287 2216 1359 sale
2239 1296 2359 1360 aut

273 1414 445 1485 salsa
486 1433 667 1507 aqua
703 1412 1085 1485 saliendum
1126 1434 1278 1485 esse
1324 1412 1727 1502 videbatur,
1760 1411 2093 1507 quoniam
2131 1433 2217 1484 ea
2248 1434 2361 1485 res

273 1558 615 1612 mucorem
642 1539 811 1611 vino
830 1538 1051 1610 inesse
1082 1517 1225 1610 non
1253 1538 1533 1634 patitur.
1565 1537 1653 1610 Et
1676 1538 1879 1609 salsae
1911 1559 2110 1630 aquae
2131 1537 2363 1630 singu-

274 1659 373 1734 los
407 1659 744 1734 sextarios
767 1663 836 1733 in
868 1661 1071 1735 binas
1096 1661 1306 1734 musti
1335 1683 1545 1735 urnas
1562 1661 1857 1754 adjicere
1879 1662 2195 1733 solebant
2222 1661 2362 1755 ple-

276 1785 489 1879 rique,
544 1786 863 1879 quamvis
896 1786 1012 1862 alii
1058 1786 1260 1859 binos
1294 1786 1778 1874 immiscerent,
1813 1786 2128 1857 nonnulli
2155 1785 2358 1857 etiam

280 1922 533 2002 ternOS,
563 1911 773 2005 idque
797 1912 1018 1983 facere
1047 1934 1187 1984 non
1217 1920 1565 1984 recusaret
1614 1911 2014 1999 Columella,
2061 1910 2120 1981 si
2144 1930 2364 2002 genus

274 2036 413 2112 vini
454 2046 714 2109 tantum
738 2037 1025 2123 valeret,
1072 2045 1149 2106 ut
1196 2036 1359 2108 salis
1410 2056 1552 2107 non
1591 2034 2086 2127 intelligeretur
2126 2056 2360 2130 sapor.

277 2163 540 2256 Itaque,
591 2161 686 2232 ait
722 2161 857 2250 ille,
908 2190 943 2226 α
985 2160 1280 2252 diligens
1308 2159 1792 2256 paterfamilias
1821 2181 2035 2253 quum
2071 2180 2364 2252 parave-

277 2287 364 2359 rit
398 2285 710 2374 fundum‚
743 2286 971 2358 statim
992 2286 1208 2380 prima
1235 2285 1585 2359 vindemia
1615 2295 1751 2357 tres
1780 2293 2214 2377 autquatuor
2241 2304 2370 2356 no-

279 2425 383 2485 tas
418 2412 798 2484 conditurae
847 2411 1134 2485 totidem
1174 2411 1520 2506 amphoris
1570 2411 1778 2482 musti
1817 2409 2249 2506 experietur,
2296 2418 2368 2480 ut

277 2530 711 2622 exploratum
751 2528 1024 2617 habeat,
1067 2540 1401 2622 quantum
1453 2527 2065 2624 plurimumsalsae
2100 2527 2366 2618 vinum,

279 2655 474 2749 quod
503 2653 761 2744 fecerit,
793 2655 942 2724 sine
980 2653 1240 2724 offensa
1276 2663 1518 2744 gustus
1561 2654 1696 2747 pati
1731 2651 1944 2747 possit
1975 2649 2041 2746 (1
2055 2648 2106 2747 ).
2137 2680 2172 2715 n

1273 2883 1390 2954 IX.

482 3058 595 3123 De
620 3053 885 3125 caeceris
920 3051 1128 3123 rebus
1175 3052 1277 3123 ad
1300 3068 1610 3123 mustum
1641 3050 2178 3150 pertinentibus.

389 3232 620 3304 Multis
666 3232 873 3305 etiam
915 3229 1064 3302 aliis
1097 3230 1306 3304 rebus
1360 3252 1856 3327 nonnunquam
1913 3230 2002 3304 ad
2046 3219 2381 3305 condien-

286 3357 462 3430 dum
512 3365 811 3428 mustum
860 3355 1231 3428 utebantur
1290 3357 1610 3429 Romani.
1678 3357 1949 3429 Etenim
2002 3358 2114 3429 alii
2177 3360 2384 3431 faeces

288 3483 436 3555 vini
497 3479 718 3553 dulcis
783 3478 1256 3552 admiscebant
1306 3478 1451 3572 (2),
1511 3480 1624 3554 alii
1674 3482 2122 3578 glycyrrhizae
2182 3484 2385 3556 siccae
2498 3457 2504 3464 ⁹

377 3659 462 3738 (1)
491 3657 761 3733 Colum„
792 3657 922 3732 XII,
950 3659 1056 3733 213
1105 3655 1279 3720 Conf.
1322 3675 1575 3749 quoque
1620 3658 1887 3721 Plinium
1925 3658 2004 3721 de
2042 3675 2205 3742 aqua
2250 3678 2387 3724 ma·

291 3767 475 3832 rina:
508 3787 538 3824 c<
553 3764 715 3839 Quin
735 3770 801 3827 et
824 3763 1150 3839 marinam,
1174 3764 1399 3847 inquit,
1426 3781 1651 3847 aquam
1677 3766 1955 3846 ejusdem
1978 3766 2068 3829 rei
2089 3767 2286 3847 gratia
2312 3787 2388 3832 ex

293 3875 431 3938 alto
457 3873 583 3955 peti
620 3870 864 3952 jubent,
897 3870 1246 3953 servarique
1273 3870 1350 3934 ab
1387 3872 2023 3953 aequinoctio-verno,
2066 3880 2173 3935 aut
2218 3879 2387 3937 certe

291 3987 485 4044 noete
514 3978 806 4056 solstitio,
834 3984 899 4041 et
931 3976 1233 4059 Aquilone
1262 3977 1445 4041 flante
1472 3978 1727 4056 hauriri,
1757 3978 1853 4041 vel
1890 3978 1939 4040 si
1974 3978 2139 4044 circa
2178 3980 2385 4044 vinde·

294 4085 497 4151 miam
520 4085 860 4164 hauriatur,
884 4085 1173 4170 decoqui.
1203 4106 1236 4145 ι
1268 4087 1424 4164 XIV,
1450 4089 1552 4150 25.

390 4193 475 4275 (Ξ)
509 4215 543 4253 a
569 4194 1023 4276 Nonnunquam
1063 4193 1279 4278 prioris
1319 4194 1444 4258 vini
1488 4195 1661 4274 faece,
1705 4202 1957 4260 acetove
1993 4195 2312 4262 condiunt.
2356 4218 2390 4258 n

297 4298 499 4378 Plin„
529 4297 687 4378 XIV,
715 4302 817 4362 24.
