2975 5159
1118 475 1500 543 „95-

259 617 381 689 sed
410 628 676 712 postea,
711 641 926 712 quum
957 624 1204 717 pocula
1236 622 1556 695 convivae
1597 623 1743 714 jam
1779 628 2145 717 cuperent,
2188 620 2359 693 cali-

257 741 417 813 dam
453 743 656 814 simul
695 754 767 816 et
800 745 1122 838 frigidam
1158 748 1548 820 ministrare
1584 748 1935 841 pincernae
1982 739 2355 819 debebant.

254 867 570 961 Legimus
599 869 780 942 enim
821 872 1009 966 apud
1035 873 1418 946 Martialem
1454 898 1473 944 ε

492 1039 739 1127 Frigida
762 1045 895 1109 'non
921 1046 1103 1125 desit,
1132 1065 1258 1111 non
1281 1038 1483 1110 deerit
1507 1047 1686 1110 calda
1716 1045 1982 1127 petenti3

247 1218 317 1280 et
353 1208 538 1304 apud
574 1210 1023 1286 Iuvenalemz

446 1387 704 1463 Quando
731 1392 982 1452 vocatus
1006 1387 1182 1451 adest
1211 1387 1433 1467 geiidae
1455 1388 1753 1452 calidaeve
1781 1387 2084 1451 minister.

240 1537 433 1623 Tunc
472 1553 674 1623 etiam
711 1552 961 1645 frigida
1002 1552 1225 1643 magis
1276 1553 1687 1642 utebantur,
1740 1552 1901 1645 quia
1930 1552 2196 1644 frigidis
2230 1575 2350 1646 po-

240 1677 545 1764 tionibus
581 1678 802 1769 magis
837 1678 1299 1771 exstinguitur
1350 1675 1499 1749 sitis
1532 1705 1549 1749 :
1585 1689 1654 1749 et
1693 1671 2012 1771 quamvis
2058 1678 2349 1749 calidam

237 1802 553 1874 absolute
588 1825 943 1896 nunquam
975 1804 1161 1897 apud
1192 1814 1510 1874 auctores
1559 1793 1909 1895 legamu5‚
1955 1791 2347 1896 frequenter

238 1939 472 1999 tamen
529 1924 774 2032 frigida
815 1928 1210 2022 simpliciter
1260 1927 1584 2000 occurrit.
1641 1927 1730 2001 Ut
1772 1925 1934 2000 item
1985 1927 2351 2041 Martiali8‚

235 2052 307 2123 in
336 2052 516 2124 libro
545 2052 700 2124 XIV
732 2079 749 2122 τ
1271 2047 1275 2053 ’
2020 2039 2044 2056 '¹
2093 2047 2099 2062 ⁸

438 2226 680 2292 Setinas
704 2245 929 2293 moneo
944 2228 1152 2296 ,multa
1171 2228 1308 2294 nive
1341 2227 1509 2294 solve
1536 2226 1820 2305 trientes,

228 2402 298 2466 et
330 2391 411 2465 in
446 2389 624 2465 libro
656 2393 750 2465 XI
779 2419 796 2463 ε

434 2570 561 2636 Nec
587 2567 705 2631 nisi
729 2571 873 2649 post
899 2564 1143 2630 niveam
1171 2566 1436 2632 Caecuba
1462 2574 1641 2649 potat
1666 2588 1926 2652 aquam3

220 2754 304 2806 ac
338 2732 544 2828 plura
599 2730 845 2804 similia
895 2751 1059 2823 quae
1108 2730 1338 2804 dicere
1384 2731 1584 2802 nobis
1625 2754 2135 2826 supervacuum
2193 2746 2329 2811 est.

217 2858 410 2930 Nam
464 2856 653 2934 hunc
681 2879 884 2928 usum
937 2856 1224 2928 bibendi
1268 2855 1520 2947 frigida
1545 2858 1654 2928 vel
1699 2858 1926 2949 gelida
1969 2862 2172 2953 plane
2207 2862 2335 2935 de-

217 2985 440 3056 clarat
495 2981 757 3055 Plinius
811 3007 827 3052 :
876 3011 912 3048 α
944 2982 1030 3052 Hi
1069 2982 1341 3064 nivem,
1395 2980 1665 3073 inquit,
1714 2972 1809 3053 illi
1854 2983 2146 3076 glaciem
2217 3009 2340 3081 po-

213 3122 421 3201 tant3
484 3131 701 3182 venas
774 3108 1112 3180 montium
1166 3106 1236 3177 in
1298 3107 1723 3200 voluptatem
1774 3110 1960 3199 gulae
2007 3122 2329 3203 stertunt,

220 3246 635 3329 coguntque
676 3243 755 3306 ut
793 3231 1032 3306 alienis
1073 3232 1426 3319 mensibus
1453 3232 1582 3304 nix
1614 3234 1839 3327 algeat
1868 3233 2017 3332 (1)·,·
2049 3266 2086 3302 ιο
2125 3248 2336 3333 atque

213 3359 394 3435 alias
431 3388 449 3430 ε
484 3387 520 3424 α
551 3357 841 3430 Neronis
870 3354 1228 3431 inventum
1266 3367 1371 3434 est
1404 3379 1660 3451 aquam
1687 3358 2079 3454 decoquere
2114 3363 2327 3436 vitro-

212 3509 361 3581 que
420 3483 793 3557 demissam
829 3483 900 3554 in
944 3483 1172 3556 nivem
1217 3482 1661 3576 refrigerare,
1719 3484 2072 3584 decoctam
2104 3488 2334 3562 utilio-

214 3633 399 3703 rem,
441 3632 525 3682 ac
557 3609 956 3682 calefactam
985 3608 1211 3698 magis
1238 3608 1648 3700 refrigerare
1674 3607 1805 3705 (2).
1823 3641 1859 3675 >2
1880 3611 2067 3697 Quid
2102 3615 2330 3685 enim?

209 3739 294 3810 In
351 3758 505 3809 eam
557 3733 907 3805 luxuriam
958 3732 1249 3805 Romani
1303 3744 1804 3827 pervenerant,
1851 3743 1928 3806 ut
1989 3738 2175 3809 nulla
2231 3740 2332 3813 eis

208 3862 474 3954 frigida
525 3861 880 3933 videretur
908 3879 1092 3951 aqua
1139 3880 1304 3952 quae
1337 3857 1582 3932 flueret
1614 3858 1680 3930 in
1721 3870 1982 3954 aperto.
2029 3864 2329 3937 Glaciem

208 4014 306 4065 ex
341 3988 790 4083 hyperboreis
826 3985 1229 4080 regionibus
1256 3996 1378 4057 aut
1420 4007 1458 4057 e
1477 3985 1668 4079 jugis
1701 3987 2037 4091 montium
2068 4011 2319 4085 magna

284 4159 380 4239 (1)
408 4147 596 4230 pun„
631 4153 788 4226 x1x,
822 4152 883 4215 4.

293 4262 386 4345 (2)
414 4261 597 4338 run„
635 4260 847 4335 xxxl,
882 4261 941 4320 3.
