2975 5159
1305 1013 2142 1133 CONCLUSIO.-

1581 1329 1843 1350 *-

765 1614 958 1687 Curis
996 1626 1222 1688 autem
1281 1615 1605 1689 maximis
1652 1616 1815 1689 vina
1868 1615 2361 1705 servabantur,
2412 1618 2576 1709 quia
2626 1619 2747 1688 Ro·

669 1740 890 1814 manis
925 1750 1121 1814 erant
1158 1741 1425 1813 utilitati
1469 1741 1819 1815 maximae.
1870 1744 2038 1812 Nam
2081 1741 2150 1811 in
2183 1741 2528 1813 conviviis
2570 1743 2747 1816 bibe-

666 1864 958 1951 bantur,
1007 1875 1084 1936 ut
1117 1866 1296 1936 sitim
1349 1866 1772 1960 expellerent
1824 1866 2414 1959 convivat-umque
2462 1867 2746 1938 laetitiam

668 1998 1038 2081 augerent3
1105 1992 1176 2060 in
1237 1989 1497 2060 morbis
1541 1990 1848 2061 remedia
1916 1989 2224 2084 perutilia
2289 1990 2745 2075 habebantur,

669 2122 877 2206 atque
908 2113 976 2184 in
1025 2116 1208 2185 cultu
1259 2136 1456 2185 sacro
1505 2114 1794 2187 deorum
1841 2114 2080 2186 vinum
2113 2115 2321 2187 etiam
2365 2116 2753 2186 numinibus

669 2237 1114 2311 offerebatur.
1146 2239 1359 2310 Nobis
1400 2240 1611 2330 igitur
1647 2239 1732 2311 de
1772 2240 2090 2311 vinorum
2118 2262 2248 2312 usu
2286 2240 2353 2310 in
2387 2241 2747 2321 conviviis,

668 2362 757 2435 de
809 2363 1168 2457 praeceptis
1210 2365 1630 2435 medicorum
1682 2385 1842 2457 quse
1882 2365 2309 2458 pertinebant
2352 2364 2438 2436 ad
2497 2365 2747 2455 vinum,

668 2499 878 2581 atque
939 2489 1146 2560 etiam
1194 2490 1282 2561 de
1322 2490 1483 2561 vino
1532 2491 1821 2561 deorum
1879 2489 2168 2562 dicenda
2227 2500 2386 2561 sunt
2437 2490 2753 2561 nonnulla

666 2612 920 2707 quibus
949 2613 1306 2685 claudatur
1349 2614 1480 2685 boc
1531 2636 1732 2708 opuS.

1689 2846 1743 2915 Ι.

1121 3023 1234 3088 De
1280 3022 1609 3089 vinorum
1662 3043 1793 3089 usu
1839 3020 1913 3088 in
1964 3019 2306 3090 conviviis.

768 3199 981 3269 Erant
1025 3197 1091 3267 in
1149 3198 1486 3269 conviviis
1526 3197 1817 3269 ministri
1851 3197 2027 3268 vinis
2078 3196 2557 3268 tautummodo
2593 3218 2755 3291 prae·

674 3324 900 3417 positi.
923 3321 1099 3393 Huic
1121 3322 1301 3394 enim
1331 3323 1714 3396 ministerio
1744 3333 2035 3417 praeerat
2057 3319 2608 3416 modc'mperator
2631 3319 2751 3416 (1),

673 3450 791 3540 qui
839 3449 924 3519 ad
975 3470 1281 3520 mensam
1353 3451 1589 3519 vinum
1646 3449 1932 3542 parabat
1966 3447 2641 3540 attemperabatque3
2699 3455 2755 3515 et

673 3573 1233 3667 modimperatori
1302 3573 1914 3645 subministrabant
1997 3575 2341 3667 pincernae
2365 3625 2386 3659 ,
2469 3591 2755 3663 quorum

673 3698 814 3784 alii,
854 3696 1163 3768 nondum
1200 3720 1239 3770 e
1274 3697 1506 3792 pueris
1542 3698 1837 3787 egressi,
1870 3720 2120 3790 aquam
2162 3695 2577 3785 afferebant,
2621 3694 2750 3777 loti,

673 3822 890 3905 nitidi,
929 3822 1313 3916 fucatique,
1342 3844 1425 3893 ac
1462 3822 1874 3893 cincinnatis
1911 3823 2018 3893 vel
2060 3820 2423 3916 praetonsis
2466 3841 2507 3890 a
2544 3821 2756 3890 fronte

671 3946 956 4042 capillis,
998 3968 1081 4018 ac
1110 3947 1593 4019 candidissima
1638 3947 1986 4041 praecincti
2028 3946 2302 4032 tunica3
2338 3944 2496 4032 alii,
2552 3946 2753 4040 prima

673 4072 997 4165 lanugine
1023 4072 1531 4160 adolescentes,
1577 4073 1898 4165 graviora
1935 4070 2190 4159 edocti,
2229 4070 2318 4142 ad
2352 4080 2563 4141 nutus
2589 4084 2757 4141 stan-

750 4250 833 4328 (i)
864 4248 1004 4312 Vid.
1033 4250 1305 4312 Nonium
1333 4256 1397 4313 et
1421 4251 1715 4325 Vari-on„
1746 4249 1922 4330 Liny.
1952 4249 2062 4310 lat.
