2975 5159
1125 543 1513 611 ...m-

265 711 353 762 ex
392 691 756 764 arboribus
790 693 1109 764 facillime
1137 692 1648 764 descendebant
1672 715 1827 763 uvae
1850 692 2102 784 quaein
2140 690 2366 762 trimo·

261 813 410 890 dias
433 826 502 889 et
525 816 1032 890 decemmodias
1053 816 1118 913 (1
1134 818 1160 903 )
1179 818 1791 904 transferebantur,
1814 825 1887 887 ut
1911 815 2208 888 fiscellas
2224 838 2370 885 rur·

259 961 379 1014 sus
398 943 490 1015 ad
514 964 589 1014 se
619 943 1045 1015 retraherent
1078 942 1172 1014 illi
1210 944 1328 1036 qui
1365 943 1851 1037 decerpebant.
1885 943 2111 1027 Quum
2137 951 2370 1013 autem

258 1065 599 1136 fructibus
651 1066 924 1159 repletae
982 1066 1265 1138 fuissent
1297 1066 1636 1138 trimodiae
1679 1066 1788 1136 vel
1841 1064 2360 1153 decemmodiae‚

257 1211 349 1261 ex
376 1190 629 1261 vinetis
647 1189 800 1264 illas
822 1191 1204 1263 efferebant
1230 1193 1408 1263 servi
1438 1191 1508 1262 in
1530 1190 1791 1280 villam,
1811 1189 1929 1261 ubi
1961 1212 2082 1261 seu
2116 1190 2364 1262 calcari

254 1333 381 1386 seu
429 1315 691 1386 servari
717 1316 859 1407 jam
894 1337 1065 1387 uvas
1099 1315 1392 1407 jubebat
1422 1314 1778 1387 dominus
1812 1314 1984 1385 Nam
2024 1313 2094 1384 in
2130 1315 2367 1386 vinde-

257 1439 400 1510 mia
433 1439 834 1532 diligentius
871 1462 1010 1512 uva
1036 1462 1173 1512 non
1198 1442 1420 1512 solum
1452 1440 1809 1533 legebatur
1844 1439 1933 1512 ad
1955 1440 2356 1527 bibendum,

246 1563 377 1634 sed
405 1564 495 1635 ad
522 1564 866 1636 edendum
909 1592 924 1634 :
966 1575 1034 1636 et
1069 1565 1396 1658 quoniam
1453 1564 1543 1636 de
1575 1564 1901 1634 omnibus
1960 1563 2165 1634 rebus
2205 1586 2362 1655 quae

244 1686 339 1756 ad
374 1688 616 1760 vineas
656 1702 724 1761 et
763 1690 1121 1760 vinearum
1162 1691 1421 1762 fructus
1448 1689 1795 1784 pertinent
1825 1707 2144 1760 sermone
2191 1707 2359 1759 con·

248 1813 452 1884 tinuo
489 1814 707 1885 verba
752 1815 980 1886 facere
1020 1815 1487 1903 decrevimuS‚
1544 1835 1678 1885 non
1733 1814 1958 1885 solum
2002 1834 2171 1883 uvas
2208 1812 2362 1906 qui-

247 1938 384 2008 bus
436 1937 645 2010 fiebat
696 1940 933 2010 vinum
983 1940 1105 2011 sed
1136 1941 1343 2013 etiam
1379 1940 1527 2012 illas
1560 1961 1715 2030 quae
1744 1939 2199 2009 servabantur
2234 1938 2358 2007 de·

246 2065 552 2137 scribere
584 2064 946 2137 debemus.

1247 2231 1362 2314 IVss

455 2419 722 2513 Quibus
752 2418 979 2491 modis
1017 2444 1155 2517 per
1180 2418 1482 2490 hiemem
1523 2433 1970 2492 servarentur
1988 2443 2157 2491 uvae.

351 2599 594 2671 Vineta
648 2597 929 2693 quidem
986 2621 1127 2671 non
1187 2599 1450 2671 habere
1510 2598 1822 2671 solebant
1872 2599 2161 2671 Romani
2205 2617 2361 2693 quae

252 2735 395 2797 tota
432 2725 526 2796 ad
559 2747 787 2797 escam
827 2726 1371 2812 instituerentur,
1425 2713 1556 2794 nisi
1590 2746 1805 2816 quum
1843 2733 1981 2794 tam
2025 2724 2361 2795 suburba-

253 2872 385 2920 nus
422 2864 601 2922 esset
626 2870 815 2940 ager,
854 2861 927 2919 ut
961 2851 1142 2920 ratio
1180 2848 1553 2943 postularet
1590 2849 1884 2918 fructum
1933 2848 2356 2921 inconditum

249 2975 719 3048 mercantibus
767 2975 951 3047 velut
986 2997 1265 3068 pomum
1311 2973 1635 3045 vendere.
1692 2973 1830 3044 Sed
1870 2995 2197 3067 persaepe,
2241 2996 2360 3043 an-

248 3109 531 3193 tequam
590 3097 831 3171 fierent
891 3098 1093 3187 vina,
1167 3098 1477 3193 plerique
1528 3098 1865 3169 vinitores
1914 3098 2251 3169 curabant
2288 3111 2359 3169 ut

253 3224 599 3295 servanda
664 3233 1052 3317 superesset
1112 3245 1273 3318 pars
1332 3224 1567 3317 aliqua
1620 3224 1958 3294 fructuum
2007 3251 2021 3292 ε
2063 3246 2189 3294 nec
2244 3247 2357 3295 so-

250 3348 399 3418 lum
433 3333 609 3419 u'vas
653 3370 808 3441 quae
834 3348 1145 3441 jucundo
1190 3370 1462 3443 sapore,
1507 3370 1747 3420 verum
1792 3350 1995 3420 etiam
2032 3349 2181 3421 illas
2204 3373 2360 3442 quae

251 3473 483 3568 specie
510 3473 973 3545 commendari
1027 3485 1326 3566 possent,
1379 3474 1467 3545 ad
1519 3474 1702 3544 hunc
1745 3496 1953 3546 usumv
1979 3475 2350 3566 eligebant.

250 3600 528 3669 Illarum
583 3609 811 3669 autem
870 3619 1127 3690 genera
1174 3599 1518 3694 praecipua
1564 3598 1977 3714 videbantur
2016 3621 2187 3683 esse,
2231 3598 2357 3669 du-

249 3723 514 3791 racinae
551 3722 730 3794 albae
777 3722 1148 3815 nigraeque,
1192 3735 1260 3794 et
1299 3720 1612 3792 bumasti
1636 3722 1740 3818 (2)
1783 3722 2063 3793 tolidem
2100 3724 2355 3795 colori-

339 3898 420 3977 (1)
446 3897 661 3973 «Quali
683 3899 1018 3979 exceptorii
1044 3899 1102 3961 in
1129 3899 1360 3980 quibus
1385 3917 1513 3961 uvae
1531 3905 2073 3979 comportantur.»
2101 3899 2258 3982 Dig„
2276 3902 2353 3961 ib.

249 4006 476 4068 Alveos
514 4012 694 4067 vocat
724 4007 893 4079 Cato,
928 4006 1004 4067 R.
1041 4008 1118 4068 R.
1165 4008 1273 4083 11;
1316 4012 1379 4067 et
1403 4005 1620 4077 lintres
1655 4005 1904 4067 Servius
1946 4005 2008 4068 in
2060 4006 2269 4087 Georq.
2302 4009 2349 4083 Ι,

247 4131 309 4174 ν.
342 4112 484 4173 262.
519 4111 688 4173 Conf.
717 4112 1056 4176 Montfauc.
1080 4112 1297 4191 Antiq.
1323 4111 1589 4193 expliq„
1623 4113 1699 4186 V,
1739 4115 1876 4175 178.

339 4218 437 4295 (2),
471 4239 502 4275 α
529 4219 789 4279 Tument
841 4235 1006 4296 vero,
1059 4216 1141 4278 ait
1175 4215 1425 4289 Plinius,
1469 4234 1878 4279 mammarum
1916 4216 2102 4280 modo
2143 4217 2357 4281 burna-

253 4323 363 4399 sti3
396 4343 427 4382 ι»
457 4323 616 4397 XIV,
632 4326 699 4397 33
729 4323 956 4385 etenim
971 4316 1238 4386 bumasti
1265 4341 1301 4385 a
1325 4322 1541 4403 graecis
1560 4322 1755 4388 verbis
1787 4327 1904 4403 βοῦς
1930 4332 1989 4386 et
2015 4325 2211 4403 μαστὸς
2236 4331 2328 4389 tra
2349 4361 2359 4368 ·
