2975 5159
1404 441 1793 512 ...56-

642 581 781 654 Sed
852 582 999 677 ipse
1051 586 1304 676 Plinius
1373 589 1744 664 nonnullos
1800 592 2293 666 servandarum
2355 615 2649 664 uvarum

544 706 788 780 modos
822 708 1122 782 breviter
1165 725 1534 802 memorat,·
1573 726 1645 787 et
1673 716 1867 788 addit
1912 717 2059 788 haec
2091 717 2303 789 verba
2335 746 2352 790 :
2404 747 2440 782 α
2472 719 2649 789 Con·

545 830 836 906 duntur.
871 844 938 905 et
992 848 1219 908 musto
1280 861 1475 925 uvae,
1531 840 1838 936 ipsaeque
1891 842 2057 911 vino
2120 863 2246 913 suo
2298 842 2649 914 inebrian-

548 967 681 1028 tur.
727 956 897 1028 Aliae
961 959 1268 1033 decoctae
1337 963 1407 1034 iu
1466 975 1696 1037 musto
1744 962 2160 1038 ‘dulcescunt
2204 994 2221 1036 :
2267 966 2420 1037 aliae
2478 988 2651 1039 vero

545 1083 852 1155 sobolem
896 1106 1150 1157 novam
1207 1085 1278 1157 in
1333 1099 1550 1162 matre
1608 1091 1757 1185 ipsa
1817 1101 2221 1185 exspectant
2288 1095 2650 1165 transluci-

546 1208 659 1281 dae
722 1209 901 1281 vitro
959 1234 976 1275 ε
1035 1211 1367 1307 additque
1425 1215 1639 1287 acinis
1714 1216 2024 1289 eamdem
2059 1271 2077 1304 ,
2136 1238 2348 1311 quam
2411 1219 2481 1288 in
2527 1219 2655 1291 do·

547 1333 656 1403 liis
706 1334 1147 1429 amphorisve
1175 1337 1585 1412 duratricem
1659 1341 1844 1411 illam
1909 1339 2296 1413 firmitatem
2360 1344 2652 1414 austeri·

552 1466 651 1526 tas
724 1457 895 1550 picis
958 1458 1185 1530 infusa
1218 1461 1652 1555 pediculo....
1699 1466 1963 1537 Durant
2001 1466 2152 1535 aliae
2197 1486 2316 1561 per
2364 1466 2654 1557 hiemes,

553 1583 795 1677 pensili
830 1595 1325 1657 concameratae
1372 1589 1682 1664 nodo,...
1717 1590 1885 1661 Aliis
1927 1592 2216 1684 gratiam
2275 1592 2502 1663 fumus
2542 1592 2659 1665 ad-

555 1714 682 1785 fert
717 1710 1004 1783 fabriliS.
1046 1742 1081 1777 »

652 1840 761 1910 Ex
794 1839 897 1909 his
925 1839 1155 1934 verbis
1195 1839 1390 1913 Plinii
1419 1840 1798 1933 intelligere
1838 1862 2201 1935 possumus
2228 1863 2364 1916 non
2395 1850 2658 1916 tantum

559 1966 627 2035 in
655 1965 856 2036 doliis
877 1976 1186 2037 servatas
1217 1966 1423 2040 fuisse
1443 1966 1914 2038 Romanorum
1942 1988 2143 2053 υνδε,
2171 1967 2296 2046 sed
2323 1967 2390 2038 in
2413 1966 2661 2040 horreo

557 2113 928 2186 suspensas
964 2102 1083 2162 aut
1114 2092 1281 2164 solis
1331 2102 1400 2163 et
1449 2093 1632 2184 iguis
1667 2092 1961 2164 calorem
1995 2113 2252 2188 passas.
2296 2092 2469 2176 Quae
2511 2094 2661 2187 qui·

558 2217 717 2289 dem
780 2217 943 2287 solis
992 2227 1060 2289 et
1108 2217 1288 2310 ignis
1350 2217 1674 2289 ardorem
1721 2217 1821 2289 sic
1866 2238 2091 2310 passae
2144 2218 2506 2307 fuerant‚a
2547 2239 2665 2311 pa-

564 2340 796 2426 tiendo
869 2359 1119 2411 nomen
1171 2340 1558 2429 duxerant,
1621 2349 1689 2410 et
1748 2341 2034 2433 simplici
2101 2335 2383 2413 nomine
2421 2366 2665 2437 passae

561 2465 990 2536 vocabantur
1036 2490 1052 2534 τ
1097 2486 1602 2558 nonnunquam
1633 2465 1839 2537 etiam
1886 2464 2074 2538 haud
2100 2463 2235 2537 illis
2278 2468 2465 2539 calor
2502 2466 2667 2538 satis

559 2600 730 2677 erat,
790 2590 1157 2683 fumusque
1207 2589 1465 2660 fabrilis
1491 2588 1614 2684 (1)·
1650 2590 1985 2666 afferebat
2031 2591 2325 2681 gratiam
2389 2591 2479 2662 de
2527 2613 2664 2683 qua

564 2738 707 2787 non
771 2725 946 2786 tacet
995 2714 1254 2785 Plinius
1303 2714 1632 2806 quoniam
1684 2715 1876 2802 uviS,
1941 2737 2097 2807 quae
2149 2715 2220 2786 in
2276 2716 2670 2788 fornacibus

563 2839 811 2911 Africae
852 2849 1108 2932 paratae
1135 2841 1427 2927 fuerant,
1474 2840 1888 2935 praecipuam
1924 2841 2211 2929 gloriam
2240 2841 2491 2912 Tiberii
2531 2841 2667 2910 Cae-

569 2964 742 3035 saris
785 2963 1190 3035 auctoritate
1222 2963 1375 3034 fieri
1415 2974 1769 3036 memorat.
1806 2964 2056 3035 Modus
2110 2974 2339 3035 autem
2386 2983 2673 3058 suspen-

570 3088 772 3159 dendi
820 3109 1070 3181 rugosa
1114 3088 1406 3159 faciebat
1446 3089 1642 3160 acina
1702 3090 1979 3182 fereque
2027 3098 2162 3159 tam
2194 3087 2422 3159 dulcia
2463 3110 2669 3181 quam

575 3225 720 3286 erat
770 3236 909 3285 uva
952 3234 1195 3308 passa3
1237 3214 1520 3285 curabat
1567 3213 1839 3285 villicus
1888 3224 1967 3284 ut
2003 3213 2249 3284 vitiosa
2284 3234 2499 3305 grana
2534 3214 2673 3284 for-

575 3338 820 3411 ficibus
872 3348 1297 3433 amputaret,
1367 3360 1542 3410 uvas
1598 3338 1851 3410 deinde
1901 3338 2001 3412 sic
2046 3338 2547 3431 suspendebat,
2587 3359 2677 3410 ne

576 3465 647 3534 in
687 3465 930 3537 eodem
971 3463 1250 3551 horreo,
1289 3463 1400 3533 vel
1436 3463 1508 3536 in
1546 3463 1772 3536 vicino
1811 3463 1992 3554 loco,
2034 3484 2191 3535 cum
2242 3462 2374 3533 illis
2400 3483 2680 3559 compo-

577 3599 906 3660 nerentur
952 3609 1182 3682 poma,
1248 3607 1547 3681 quorum
1598 3588 1773 3660 odor
1821 3598 2049 3680 posset
2088 3588 2175 3657 ad
2223 3608 2388 3655 uvas
2434 3608 2680 3679 perve-

578 3716 723 3785 nire
762 3724 831 3786 et
861 3714 1173 3785 celeriter
1209 3713 1408 3783 acina
1440 3733 1902 3805 corrumpere.
1955 3710 2271 3782 pensiles
2301 3711 2534 3782 vocari
2567 3733 2681 3782 so·

573 3842 811 3913 lebant
853 3840 984 3909 illae
1024 3860 1186 3932 quae
1213 3837 1326 3909 tali
1385 3834 1596 3909 modo
1634 3839 2111 3924 servabantur,
2152 3846 2220 3907 et
2254 3836 2484 3927 legere
2522 3836 2685 3907 licet

581 3965 767 4062 apud
803 3963 1156 4034 Horatium
1196 3988 1213 4031 :
2237 3945 2238 3948 ¹

672 4126 753 4205 (1)
783 4146 816 4183 «
835 4123 1083 4186 Rectius
1101 4122 1380 4184 albanam
1397 4121 1570 4184 fumo
1587 4122 1891 4185 duraveris
1907 4140 2142 4184 uvam.»
2167 4123 2311 4184 Hor.
2326 4122 2398 4198 ΙΙ,
2415 4121 2559 4183 Sat.
2577 4122 2681 4197 IV,

577 4235 678 4295 7⁹2.
