2975 5159
1431 488 1809 557 ...58-

1580 709 1664 780 V.

770 882 1131 980 Quomodo
1176 881 1623 976 calcarentur
1668 904 1740 959 et
1773 903 2267 987 premerentur
2314 912 2481 961 uvae.

666 1067 890 1153 Quum
926 1090 1111 1156 uvae,
1148 1068 1402 1161 quibus
1427 1070 1822 1142 faciendum
1858 1082 2007 1144 erat
2034 1073 2303 1162 vinum,
2343 1094 2383 1144 e
2413 1073 2674 1160 vineto,

567 1194 744 1266 sicut
770 1195 978 1289 paulo
1003 1203 1164 1266 ante
1195 1193 1529 1283 diximus,
1556 1197 1628 1267 in
1664 1198 2106 1269 torcularium
2135 1219 2177 1269 a
2205 1197 2427 1269 servis
2451 1206 2675 1268 trans-

566 1321 728 1394 latae
759 1321 1071 1409 fuissent,
1116 1321 1182 1391 in
1217 1321 1443 1394 lacum
1470 1320 1582 1418 (1)
1612 1324 1980 1417 quemdam
2019 1323 2576 1422 demittebantur,
2611 1333 2680 1395 et

564 1443 855 1516 calcatio
907 1437 1137 1517 fiebat.
1181 1447 1356 1517 Tum
1404 1448 1782 1520 calcatores
1828 1449 2112 1520 omnino
2158 1448 2327 1519 nudi
2385 1448 2678 1543 pedibus

565 1569 975 1665 premebant
998 1593 1170 1643 uvas
1205 1601 1222 1643 ε
1255 1572 1450 1665 quod
1479 1596 1656 1669 opus
1681 1595 1859 1670 saepe
1886 1574 2398 1672 descripserunt
2421 1585 2673 1669 poetae,

564 1717 725 1771 nam
764 1697 1059 1789 legimus
1096 1698 1283 1792 apud
1308 1698 1737 1789 Nemesium‚

956 1871 1187 1936 Crebro
1214 1874 1377 1958 pede
1407 1873 1713 1955 rumpitur
1740 1892 1856 1938 uva
1881 1873 2010 1958 (2);

562 2040 629 2102 et
665 2029 846 2125 apud
879 2030 1256 2123 Tibullum,

586 2249 597 2258 ,
724 2210 929 2274 Aurea
954 2213 1105 2272 tunc
1124 2226 1371 2291 pressos
1401 2208 1671 2291 pedibus
1697 2208 1871 2274 dedit
1892 2225 2013 2273 uva
2038 2209 2309 2293 liquores
2340 2210 2458 2290 (3);

564 2381 771 2467 atque
807 2373 1009 2464 infra,
1050 2373 1119 2444 in
1151 2373 1400 2446 eodem
1434 2374 1639 2460 libro,

720 2549 962 2612 Oblitus
988 2554 1052 2613 et
1082 2556 1295 2614 musto
1324 2550 1503 2613 feriet
1529 2551 1691 2631 pede
1717 2549 1988 2614 rusticus
2015 2568 2165 2614 uvas
2197 2552 2302 2630 (4).

659 2712 1044 2784 Calcatores
1087 2722 1341 2797 autem,
1379 2732 1467 2784 ne
1496 2713 1832 2785 calcando
1874 2713 2238 2800 caderent,
2280 2722 2402 2784 aut
2453 2735 2662 2785 manu

561 2837 848 2909 baculos
889 2837 1226 2923 ferebant,
1276 2836 1532 2931 quibus
1569 2837 2045 2925 inniterentur,
2078 2849 2195 2909 aut
2234 2839 2519 2909 funibus
2548 2837 2667 2931 qui

561 2984 771 3057 supra
808 2973 1014 3056 caput
1050 2969 1267 3048 erant,
1306 2981 1382 3031 se
1420 2960 1784 3052 diligenter
1830 2961 2311 3033 sustentabant
2351 2962 2479 3057 (5).

661 3083 969 3157 Uvarum
1014 3084 1312 3170 deinde,
1360 3103 1522 3179 quae
1573 3085 1855 3158 calcatae
1907 3087 2220 3174 fuerant,
2268 3086 2460 3180 scopi
2509 3109 2669 3158 cum

564 3209 885 3282 folliculis
930 3208 1060 3279 sub
1111 3210 1370 3302 prelum
1402 3206 1977 3300 subjiciebantur,
2009 3220 2088 3280 ut
2124 3210 2180 3281 si
2210 3208 2381 3303 quid
2419 3210 2663 3302 reliqui

563 3336 898 3408 haberent
932 3334 1140 3406 musti
1186 3334 1688 3428 exprimeretur
1733 3334 1804 3405 in
1856 3335 2176 3408 eumdem
2232 3335 2480 3406 lacum.
2532 3335 2673 3406 Sed

562 3482 779 3556 quum
822 3460 952 3530 sub
984 3460 1171 3553 prelo
1202 3459 1371 3532 nihil
1389 3460 1536 3550 Jam
1578 3459 1859 3551 flueret,
1899 3460 2155 3533 vinitor
2185 3460 2488 3534 maxime
2514 3460 2675 3532 dili-

650 3631 728 3720 (1)
758 3637 981 3698 Lacus,
1013 3632 1268 3710 Tibull.,
1292 3633 1369 3710 ΙΙ,
1403 3636 1464 3710 5,
1498 3634 1613 3714 863
1644 3631 1913 3711 Colum„
1943 3634 2070 3713 XII,
2108 3638 2206 3699 18.

646 3745 728 3824 (Ξ)
754 3743 916 3823 Egl„
946 3745 1048 3817 111,
1078 3746 1180 3806 44.

647 3855 727 3934 (3)
760 3851 1017 3928 Tibull.,
1048 3852 1121 3919 Π,
1158 3855 1216 3926 1,
1248 3853 1350 3912 45.

646 3960 729 4044 (4)
758 3958 1017 4032 Tibull.,
1049 3960 1122 4033 II,
1156 3962 1218 4032 5,
1245 3961 1343 4022 85.

652 4067 731 4151 (5)
762 4066 1212 4129 Rich-Cheruel
1244 4084 1261 4128 :
1314 4068 1741 4129 Diolionnaire
1776 4066 1875 4127 des
1904 4068 2232 4145 antiquitas
2261 4066 2573 4130 romaines
2615 4074 2682 4129 et

562 4194 859 4256 qrecques.
894 4177 962 4236 In
996 4173 1116 4236 hoc
1163 4172 1320 4236 libro
1347 4173 1593 4237 videtur
1619 4172 1823 4253 imago
1858 4174 2235 4236 calcatorum
2266 4172 2374 4253 qui
2413 4172 2679 4238 baculos

562 4284 788 4346 ferunt.
825 4307 828 4314 ’
