2975 5159
1509 513 1901 584 ...72-

648 685 855 757 aquae
905 662 1127 735 dulcis
1182 662 1540 735 addebant
1591 664 1678 735 in-
1711 664 2037 754 vinacea,
2101 683 2396 757 eamque
2450 663 2736 738 intritam

651 787 984 862 maceravi
1042 810 1180 860 una
1251 797 1455 860 necte
1506 787 1855 876 sinebant3
1918 798 2196 884 postero
2253 790 2403 880 die,
2460 790 2733 885 pedibus

648 912 1127 1007 proculcatam
1177 913 1391 1007 praelo
1424 912 1908 1005 subiiciebant.
1953 914 2101 986 Hoc
2134 914 2416 1008 quidem
2453 916 2733 1011 primum

650 1057 874 1127 genus
938 1037 1327 1110 secundarii
1389 1037 1537 1110 vini
1604 1038 1932 1111 describit
1990 1038 2104 1110 hia
2157 1040 2390 1114 verbis
2445 1040 2732 1112 Phaine:

655 1190 691 1228 α
731 1161 1011 1235 Decima
1044 1172 1239 1257 parte
1283 1184 1491 1257 aquae
1523 1163 1758 1236 addita
1778 1214 1799 1251 ‚
1831 1184 1992 1257 quae
2026 1166 2233 1236 musti
2265 1187 2597 1261 expressa
2626 1166 2734 1256 sit,

651 1296 721 1360 et
772 1288 867 1359 ita
932 1297 1136 1360 nocte
1183 1309 1266 1361 ac
1336 1287 1452 1360 die
1513 1288 1916 1361 madefactis
1967 1289 2275 1362 vinaceis
2300 1344 2317 1373 ,
2386 1311 2742 1385 rursusque

653 1412 869 1509 praelo
906 1412 1250 1504 subjeetis·⁶
1294 1440 1329 1478 n
1363 1411 1500 1508 (1).
1540 1412 1850 1485 Alterum
1887 1434 2108 1505 genus
2154 1416 2547 1488 Graecorum
2585 1437 2743 1510 pree·

654 1538 855 1633 cipue
912 1538 1172 1629 fuerat,
1216 1545 1286 1608 et
1320 1559 1364 1609 e
1397 1538 1668 1610 Graecia
1702 1538 1775 1612 in
1818 1539 2080 1612 Italiam
2141 1540 2575 1612 translatum.
2626 1541 2743 1612 Pro

655 1664 924 1740 decima
960 1673 1154 1758 parte
1190 1661 1392 1735 tertia
1431 1683 1591 1758 pars
1629 1681 1835 1757 aquae
1867 1664 2088 1737 dulcis
2126 1664 2545 1752 addebatur,
2592 1667 2742 1757 sed,

658 1799 934 1884 postero
962 1787 1077 1860 die
1095 1845 1113 1876 ,
1149 1810 1366 1883 quum
1392 1789 1654 1862 calcata
1679 1799 1748 1860 et
1777 1809 2105 1884 expressa
2134 1789 2420 1861 fuissent
2442 1791 2743 1882 vinacea,

659 1914 748 1987 ad
800 1913 1036 1986 tertias
1092 1922 1318 2008 partes
1368 1910 1514 1985 lora
1565 1912 2081 2007 decoquebatur
2135 1912 2240 2010 (2)
2280 1943 2298 1985 ε
2347 1913 2586 2007 itaque
2621 1936 2748 1987 non

661 2048 808 2113 erat
839 2058 1093 2131 magna
1126 2036 1306 2108 inter
1333 2036 1628 2132 primum
1667 2048 1734 2110 et
1759 2037 2051 2109 alterum
2079 2059 2303 2132 genus
2340 2039 2746 2112 differentia.

660 2163 799 2237 Sed
841 2164 931 2235 ab
968 2162 1099 2234 illis
1148 2161 1428 2234 omnino
1462 2160 1837 2236 differebat
1872 2162 2148 2234 tertium
2173 2190 2193 2253 ;
2217 2177 2222 2184 ·
2248 2175 2414 2235 nam
2475 2164 2751 2236 faecibus

664 2289 809 2362 vini
859 2307 1309 2382 expressum,
1364 2288 1684 2362 faecatum
1724 2286 2051 2382 appellari
2091 2288 2383 2360 solebat.
2440 2290 2753 2381 Legimus

667 2414 852 2487 enim
908 2412 1099 2508 apud
1133 2411 1464 2485 Catonem
1492 2410 1599 2507 (3)
1652 2411 1742 2483 de
1801 2411 1932 2483 isto
1976 2411 2291 2485 faciendo
2342 2424 2753 2509 praeceptum

665 2538 834 2612 illud
870 2563 887 2609 ε
923 2566 956 2601 α
974 2538 1225 2612 Vinum
1250 2538 1597 2626 faecatum,
1629 2538 1748 2625 ait,
1775 2537 1871 2609 sic
1896 2539 2122 2610 facito.
2155 2537 2448 2610 Piscinas
2475 2540 2757 2612 olearias

669 2662 1105 2758 campanicas
1159 2661 1334 2733 duas
1379 2661 1514 2732 illae
1553 2662 1647 2732 rei
1699 2662 1979 2734 habeto.
2034 2662 2169 2733 Eas
2198 2661 2403 2734 faecis
2437 2663 2751 2758 implete,

672 2789 803 2860 sub
855 2787 1284 2882 praelumque
1326 2785 1607 2858 subdito
1663 2786 2167 2880 exprimitoque
2193 2840 2213 2877 ,
2243 2816 2276 2853 ι)
2324 2797 2392 2859 et
2422 2787 2606 2861 hanc
2634 2788 2759 2860 Ca-

674 2912 858 2986 tonis
891 2911 1231 2985 rationem
1258 2910 1488 2983 retulit
1516 2908 1774 2982 Plinius
1799 2911 1906 2983 his
1940 2911 2214 2983 verbis:
2245 2939 2278 2975 α
2303 2911 2608 2986 Tertium
2644 2922 2759 3000 est,

674 3037 961 3111 faecibus
994 3036 1138 3108 vini
1168 3033 1585 3130 'expressum
1614 3090 1635 3121 ,
1702 3035 1894 3130 quod
1951 3033 2270 3107 faecatum
2322 3036 2485 3109 Cato
2537 3036 2761 3133 ap‘pel-

671 3164 791 3236 lat,
836 3191 874 3228 u

772 3285 1018 3359 Tribus
1070 3283 1220 3355 vini
1277 3282 1670 3356 secundarii
1717 3283 2083 3376 generibus
2137 3305 2279 3356 non
2331 3284 2581 3379 longus
2630 3295 2766 3358 erat

676 3433 876 3500 usus,
912 3417 981 3483 et
1022 3408 1320 3482 affirmat
1354 3406 1614 3478 Plinius
1653 3406 1820 3478 nulli
1867 3429 1950 3480 ex
1986 3407 2100 3479 bis
2135 3410 2287 3502 plus
2331 3429 2540 3502 qnam
2588 3430 2765 3483 anno

674 3556 876 3606 usum
906 3551 1057 3605 esse
1100 3528 1230 3627 (4).
1281 3529 1604 3604 Attamen
1635 3529 2382 3627 Columellaepatruus,
2415 3535 2534 3627 qui
2569 3534 2645 3606 in
2680 3533 2768 3607 vi-

755 3746 840 3829 (1)
870 3742 1063 3826 Plin.‚
1084 3743 1242 3819 XIV,
1271 3743 1372 3810 12.

761 3855 845 3934 (Ξ)
873 3874 906 3913 α
921 3852 1225 3927 Alterum,
1248 3847 1335 3913 ait
1359 3847 1619 3927 Plinius,
1644 3850 1961 3931 quomodo
1977 3846 2177 3914 Graeci
2195 3846 2568 3926 factitavere,
2592 3845 2772 3911 tertia

678 3970 853 4049 parte
878 3963 1013 4043 ejus
1038 3960 1206 4043 quod
1233 3976 1591 4041 expressum
1621 3957 1731 4038 sit,
1764 3957 1970 4024 addita
1994 3976 2190 4042 aquae‚
2213 3975 2640 4041 „expressoque
2667 3957 2770 4020 de-

681 4075 865 4137 cocto
890 4069 971 4134 ad
1001 4066 1220 4132 tertias
1248 4071 1551 4148 partes.»
1587 4065 1682 4127 Ib.

764 4179 846 4260 (3)
877 4178 1009 4240 Cat.
1047 4174 1127 4238 de
1153 4173 1296 4239 vino
1328 4172 1576 4239 faecat0.
1608 4173 1802 4237 CLIII.

769 4287 852 4368 (4)
882 4309 912 4344 α
942 4283 1111 4347 Nulli
1139 4302 1215 4346 ex
1240 4281 1337 4346 his
1362 4282 1527 4364 plus,
1560 4297 1750 4362 quam
1782 4298 1965 4358 anno,
2000 4299 2172 4345 usus.
2193 4299 2240 4339 n
2255 4246 2413 4343 Plin.
2397 4319 2440 4355 .‚
2474 4278 2628 4354 XIV,
2656 4280 2752 4339 12
2786 4282 2794 4294 '
