2975 5159
1477 503 1868 570 ...12-

617 655 861 727 orienti
907 651 1355 725 adrertantur
1402 678 1420 722 ε
1475 663 1685 747 atque
1732 653 1970 724 eadem
2022 651 2327 723 sentiunt
2377 650 2711 722 Florenti·

620 801 748 850 nus
776 775 893 875 (1)
926 787 996 850 et
1032 778 1425 850 Columella.

684 903 1029 997 venique
1049 902 1447 995 qualitatem
1477 902 1635 975 coeli
1664 903 1980 996 frigidam
2017 904 2126 975 vel
2147 900 2439 974 calidam
2467 956 2487 989 ,
2516 922 2715 994 gran-

616 1029 935 1101 dinosam
981 1030 1091 1101 vel
1157 1028 1521 1123 placidam,
1583 1030 1984 1102 nebulosam
2040 1029 2150 1100 vel
2206 1049 2519 1100 serenam
2574 1049 2715 1099 non

619 1152 986 1246 ignorabat
1018 1152 1337 1225 dominus
1372 1152 1529 1243 loci,
1572 1154 1916 1247 dabatque
1944 1175 2225 1248 operam
2261 1163 2338 1223 ut
2365 1151 2502 1224 alio
2539 1151 2718 1223 coelo

618 1277 780 1350 vitis
826 1278 957 1350 alia
996 1278 1461 1372 responderet.
1505 1280 1614 1351 Sic
1659 1278 1908 1371 frigido
1948 1278 2320 1351 credebant
2354 1276 2712 1365 firmioreS,

620 1403 842 1476 calido
873 1404 1250 1476 teneriores
1275 1403 1792 1497 uberioresque,
1825 1404 2245 1497 grandinoso
2279 1404 2518 1475 vineas
2546 1423 2721 1498 qua-

621 1550 776 1599 rum
831 1529 993 1600 folia
1049 1528 1224 1599 dura
1279 1528 1553 1621 lataque
1604 1527 1845 1601 melius
1902 1535 2343 1623 protegerent
2391 1530 2712 1600 fructum.

622 1652 932 1725 Placidas
991 1662 1223 1725 autem
1285 1674 1698 1748 serenasque
1746 1655 2062 1746 regiones
2119 1652 2421 1725 maxime
2473 1652 2723 1746 proba-

621 1776 814 1865 bant,
849 1787 918 1849 et
941 1777 1268 1850 Romanis
1286 1799 1455 1849 sane
1499 1778 1775 1849 favebat
1810 1779 2058 1848 coelum
2095 1777 2272 1848 illius
2303 1775 2515 1849 Italiae
2557 1797 2722 1868 quae

623 1898 936 1972 omnium
959 1911 1289 1973 terrarum
1310 1911 1379 1972 et
1409 1902 1830 1993 benignitate
1847 1901 2038 1993 soliS,
2075 1912 2141 1972 et
2175 1901 2335 1989 situ,
2370 1912 2440 1972 et
2457 1911 2721 1996 tempe·

626 2034 936 2098 ramento
955 2026 1203 2098 caloris
1228 2025 1665 2121 frigorisque,
1697 2037 1766 2098 et
1787 2026 1975 2099 omni
2014 2026 2119 2098 sui
2144 2037 2341 2121 parte
2376 2025 2721 2099 fecundis-

623 2150 793 2224 sima
831 2152 1222 2256 videbatur,
1261 2163 1340 2224 ut
1371 2153 1620 2226 cecinit
1656 2152 1762 2224 his
1799 2152 2033 2225 verbis
2072 2162 2272 2247 poeta
2311 2178 2325 2221 ε

822 2348 946 2409 Sed
975 2364 1176 2426 neque
1208 2347 1558 2424 Medorum,
1592 2344 1760 2408 silvae
1791 2343 2113 2421 ditissima,
2143 2350 2329 2421 terra,

821 2454 947 2514 Nec
970 2451 1229 2535 pulcher
1259 2455 1502 2532 Ganges
1528 2458 1706 2533 atque
1737 2470 1886 2514 auro
1911 2450 2195 2515 turbidus
2218 2452 2481 2515 Hermus

823 2560 1131 2622 Laudibus
1160 2560 1344 2624 Italiae
1374 2567 1611 2623 certent
1622 2577 1643 2640 3
1672 2578 1798 2622 non
1823 2561 2059 2637 Bactra,
2094 2578 2297 2641 neque
2325 2560 2460 2622 Indi

821 2669 1100 2749 Totaque
1126 2667 1394 2731 turiferis
1421 2669 1731 2731 Panchaia
1760 2668 2005 2748 pinguis
2034 2668 2233 2730 arenis
2264 2667 2371 2745 (Ξ).
2407 2755 2414 2764 ι

1626 2931 1716 2998 ΙΙ.

1210 3113 1316 3179 De
1347 3106 1612 3178 vitibus
1656 3105 2143 3179 celeberrime&

724 3283 946 3375 Agros
995 3285 1297 3356 maxima
1349 3307 1514 3356 cura
1552 3286 1803 3376 eligere
1844 3284 2097 3356 debent
2141 3284 2466 3377 agricolae
2502 3315 2517 3356 ε
2566 3308 2721 3357 nam

627 3408 778 3480 loca
813 3417 1123 3481 naturam
1154 3410 1497 3503 plerisque
1532 3409 1788 3480 vitibus
1823 3418 2091 3480 mutant
2126 3407 2271 3503 (3),
2306 3432 2465 3502 quae
2502 3420 2723 3482 trans·

626 3533 786 3603 lalae
826 3534 1049 3604 solum
1100 3534 1171 3604 in
1224 3534 1521 3604 alienum
1577 3556 1709 3605 non
1753 3535 2051 3625 ejusdem
2093 3536 2363 3625 generis
2407 3535 2567 3606 vina
2619 3536 2723 3627 gi-

632 3679 843 3750 gnere
877 3658 1119 3729 solent.
1178 3658 1376 3730 Unde
1411 3656 1486 3728 fit
1523 3667 1599 3729 ut
1642 3658 1881 3727 vitium
1930 3657 2288 3729 innumera
2332 3671 2536 3752 atque
2563 3659 2724 3730 infi-

630 3783 770 3852 nita
811 3803 1067 3874 genera
1103 3804 1252 3854 esse
1278 3781 1641 3854 videantur
1682 3807 1698 3852 ε
1736 3811 1770 3845 α
1803 3783 2057 3877 quippe
2086 3804 2279 3875 quae,
2312 3784 2407 3856 ait
2434 3785 2720 3875 Plinius,

713 3955 793 4040 (l)
836 3956 1106 4019 Florent.
1160 3956 1459 4036 Geopon„
1503 3959 1577 4020 ΙΙ.
1608 3989 1689 4004 -
1726 3957 1898 4019 Conf.
1935 3956 2331 4035 Henderson,
2365 3957 2617 4040 History
2659 3960 2740 4041 of

627 4069 870 4125 ancient
898 4063 1026 4125 and
1051 4062 1294 4125 modern
1320 4068 1529 4126 wines.

627 4228 642 4250 ,
717 4169 799 4252 (2)
823 4171 993 4249 Virg.
1026 4171 1267 4251 Geom„
1299 4172 1376 4249 11,
1402 4172 1582 4233 1354
1595 4173 1694 4234 38.

715 4274 795 4359 (3)
828 4298 858 4334 α
880 4275 1123 4338 Vitibus
1149 4282 1433 4340 naturam
1466 4276 1602 4339 loca
1631 4282 1892 4340 mutant.
1920 4300 1949 4336 »
1989 4276 2250 4353 Pallad.,
2279 4277 2477 4354 111,-·9.
