2975 5159
1479 524 1869 592 -r-se-

613 671 848 762 giones
901 670 999 741 sic
1041 670 1449 742 infestantur
1493 676 1723 760 Euro,
1762 682 1874 759 ut,
1916 673 2043 743 nisi
2079 676 2493 768 tegminibus
2533 679 2705 751 vites

608 805 1011 889 opacentur,
1053 797 1240 869 velut
1265 796 1477 868 halitu
1512 796 1833 870 flammeo
1862 797 2123 870 fructus
2153 801 2532 899 uratur(1).

1595 1056 1716 1127 IX.

885 1243 990 1307 De
1017 1236 1281 1335 reliquo
1310 1236 1502 1309 culm
1526 1241 1655 1336 qui
1661 1239 1972 1335 pertinet
2006 1238 2109 1314 ad
2141 1256 2423 1314 terram.

707 1430 882 1501 Sunt
913 1439 978 1499 et
1017 1430 1147 1500 alia
1186 1450 1348 1523 quae
1384 1430 1477 1502 ad
1522 1429 1729 1502 vitem
1762 1441 1830 1502 et
1863 1431 2065 1502 simul
2118 1430 2205 1501 ad
2255 1442 2529 1521 terram,
2565 1455 2704 1527 qua

610 1554 774 1625 vitis
815 1553 1297 1641 circumdatur,
1337 1554 1720 1649 pertinent,
1767 1556 2231 1649 ablaqueandi
2266 1557 2700 1651 fodiendique

610 1678 809 1752 ratio.
850 1681 1075 1763 Quum
1113 1680 1297 1750 enim
1335 1682 1401 1750 in
1448 1702 1533 1752 eo
1565 1693 1790 1752 essent
1838 1682 2087 1774 frigora
2141 1691 2219 1751 ut
2271 1682 2698 1769 invaderent,

609 1802 1157 1897 ablaqueandam
1213 1826 1362 1876 esse
1408 1804 1688 1880 vineam
1737 1804 2125 1892 dicebatur,
2189 1814 2256 1877 et
2311 1803 2444 1875 hoc
2500 1825 2707 1898 opere

612 1927 978 2022 adapertas
1027 1930 1438 2002 ostendebat
1495 1931 1771 2001 aestivas
1800 1928 2147 2001 radiculas
2176 1929 2479 2024 prudens
2526 1930 2707 2021 agri·-

615 2054 796 2142 cola‚
835 2067 912 2126 ut
946 2076 1064 2127 eas
1115 2056 1366 2127 deinde
1417 2056 1597 2127 ferro
1638 2055 2009 2127 decideret.
2053 2053 2224 2126 Nam
2264 2056 2324 2128 si
2355 2055 2707 2126 convales-

613 2193 845 2250 cerent
862 2179 1038 2268 istae,
1060 2179 1424 2250 inferiores
1452 2178 1848 2264 deficerent,
1870 2201 2277 2272 summaque
2296 2190 2487 2273 parte
2501 2181 2703 2270 vinea

611 2304 876 2376 radices
902 2316 1137 2396 ageret
1165 2326 1338 2396 quas
1368 2305 1587 2397 frigus
1620 2315 1689 2375 et
1727 2304 1913 2375 calor
1953 2303 2239 2374 nimium
2276 2303 2697 2374 infestarent.

611 2428 836 2511 Quare
853 2428 1193 2521 quidquid
1216 2427 1396 2498 intra
1423 2426 1902 2521 sesquipedem
1929 2425 2057 2522 (2),
2092 2437 2330 2500 natum
2363 2443 2510 2500 erat
2532 2426 2705 2499 reci-

614 2550 856 2638 debat,
890 2550 1314 2643 cavebatque
1343 2542 1542 2622 simul
1575 2573 1661 2621 ne
1687 2552 1888 2643 juxta
1926 2562 2234 2650 truncum
2257 2549 2390 2624 hoc
2419 2552 2695 2623 faceret.

610 2674 958 2746 Radiculis
1016 2675 1110 2745 ita
1165 2676 1491 2770 praecisiS‚
1558 2698 1681 2770 per
1720 2676 2011 2747 hiemem
2073 2676 2406 2770 placidam
2465 2686 2702 2770 patens

611 2799 775 2870 vitis
819 2798 1331 2892 relinquebatur
1373 2825 1389 2868 ε
1425 2799 1530 2870 sin
1573 2799 1830 2873 tristior
1884 2810 2061 2872 esset
2097 2800 2310 2890 regio,
2356 2809 2515 2871 ante
2549 2800 2701 2871 idus

612 2922 995 2998 decembris
1013 2923 1139 3020 (3),
1172 2924 1677 3019 coaequandum
1707 2935 1855 2997 erat
1895 2925 2143 3012 solum,
2175 2937 2381 3018 atque
2409 2926 2612 2997 etiam
2641 2924 2700 2995 si

613 3047 1119 3143 suspicerentur
1160 3049 1534 3142 praegelida
1570 3049 1830 3139 frigora
1856 3101 1876 3136 ‚
1920 3049 2288 3140 radicibus,
2331 3057 2701 3143 antequam

613 3173 821 3245 vitem
882 3174 1298 3245 adobrueret
1349 3174 1691 3265 agricola,
1768 3174 2024 3268 aliquid
2071 3173 2215 3248 fimi
2273 3185 2391 3246 aut
2452 3174 2701 3246 veteris

612 3300 836 3370 urinae
899 3319 1099 3372 senos
1153 3299 1490 3370 sextarios
1546 3298 1651 3394 (4)
1696 3299 2259 3394 superfundebat.
2319 3300 2433 3372 Sic
2493 3300 2704 3393 igitur

613 3422 837 3517 primo
879 3422 1387 3516 quinquennio,
1443 3422 1611 3494 dum
1652 3424 1814 3495 vitis
1877 3423 2419 3514 convalesceret,
2478 3424 2701 3495 omni-

614 3549 744 3620 bus
787 3548 1134 3619 autumnis
1164 3546 1705 3640 ablaqueabatur
1757 3574 1774 3616 ε
1822 3548 1945 3620 sed
1979 3545 2099 3619 uhi
2140 3559 2419 3620 truncus
2463 3548 2700 3621 adole-

693 3728 780 3808 (1)
809 3726 980 3789 conf.
1027 3724 1299 3801 colum„
1338 3727 1439 3803 1v,
1470 3731 1532 3803 τ,
1567 3731 1630 3805 8,
1665 3731 1767 3805 27,
1809 3729 1924 3803 283
1954 3728 2028 3803 V,
2070 3732 2134 3789 5.
2177 3727 2362 3805 Ptin„
2390 3728 2567 3804 xvn,
2596 3731 2702 3805 ῃ,

613 3838 719 3900 23.
749 3832 1005 3910 Paltad„
1038 3834 1145 3909 VI,
1170 3838 1233 3895 2.
1265 3834 1433 3896 Serv.
1469 3833 1531 3895 in
1559 3833 1763 3916 Virg„
1797 3835 2031 3914 Eyl.,1,
2062 3821 2122 3896 3⁷.
2149 3839 2258 3898 57:

931 3983 959 4014 «
980 3965 1113 4017 Hinc
1132 3966 1235 4016 alta
1255 3964 1352 4015 sub
1369 3977 1499 4029 rupe
1522 3971 1671 4017 canet
1696 3965 1954 4017 frondator
1975 3966 2041 4016 ad
2069 3980 2237 4019 auras.
2255 3985 2283 4015 »

693 4087 774 4164 (2)
805 4084 1038 4148 Gallice
1071 4106 1102 4143 α
1131 4088 1248 4146 444
1277 4082 1523 4147 millim.
1553 4108 1583 4145 n

701 4191 784 4276 (3)
815 4194 919 4255 Id.
955 4214 986 4252 α
1014 4195 1088 4253 13
1112 4191 1468 4255 decembre.
1500 4214 1532 4251 n

693 4301 778 4382 (4)
814 4300 908 4363 Id.
948 4320 978 4358 «
1002 4302 1040 4362 3
1066 4299 1233 4363 litres
1256 4306 1396 4366 252.
1423 4323 1454 4361 ι)
