2975 5159
1441 496 1782 564 ...2.-

566 638 844 746 gendae
868 639 1328 750 reipublicae
1369 642 1637 724 studio
1677 643 1995 740 intenti,
2029 667 2248 719 arma
2275 666 2486 747 saepe
2523 634 2659 715 ad-

561 815 837 867 versus
880 788 1176 867 vicinas
1230 805 1504 894 gentes
1540 789 1950 896 gerebant,
1986 785 2476 896 quandoque
2505 813 2661 893 pax

563 934 1029 1015 brevissima
1049 935 1386 1016 Romam
1408 935 1671 1017 redire
1692 937 2217 1047 permitteret,
2249 932 2420 1012 sine
2437 959 2661 1010 mora

564 1083 964 1189 segetibus
992 1101 1071 1164 et
1118 1083 1539 1164 frumentis
1581 1110 1909 1193 operam
1955 1081 2286 1181 dabant,
2321 1096 2413 1159 ut
2447 1078 2663 1158 vive-

562 1249 743 1314 rent
779 1262 796 1310 :
842 1248 1152 1312 tantum
1183 1260 1308 1312 res
1335 1229 1440 1312 ad
1469 1231 1763 1312 victum
1809 1229 2151 1312 maxime
2189 1224 2665 1310 necessarias

564 1363 662 1458 eo
686 1395 1053 1487 tempore
1081 1378 1584 1487 quaerebant,
1613 1394 1694 1457 et
1723 1376 1953 1476 vites,
1985 1401 2228 1484 quam
2268 1372 2664 1452 frumenta

563 1521 829 1602 minus
866 1524 1131 1623 utiles,
1175 1524 1432 1602 multo
1472 1524 1739 1602 minus
1774 1521 2272 1601 colebantur.

667 1683 945 1791 Itaque
994 1711 1163 1762 non
1203 1681 1423 1780 vino,
1475 1680 1617 1764 sed
1662 1682 1866 1761 lacte
1905 1679 2299 1760 Romulus
2320 1674 2657 1770 libabat,

565 1846 673 1928 et,
715 1847 1052 1940 propter
1104 1831 1463 1940 inopiam
1523 1829 1665 1929 rei,
1722 1830 1983 1908 Numa
2039 1826 2224 1906 tulit
2253 1826 2510 1931 legem
2540 1822 2666 1901 his

562 1972 867 2056 verbis:
892 2008 930 2048 «
946 1973 1163 2054 Vino
1185 2001 1468 2080 rogum
1491 2002 1596 2054 ne
1616 1973 2085 2083 respergite.
2121 2006 2160 2046 ι)
2183 1970 2666 2077 Diutiusque

562 2121 937 2201 vinorum
963 2150 1244 2228 magna
1279 2122 1772 2232 parcimonia
1820 2121 1974 2202 fuit
2009 2149 2028 2202 ε
2058 2149 2244 2200 nam
2269 2116 2666 2226 Papirius,

565 2296 819 2377 quum
836 2269 923 2347 in
943 2297 1040 2348 eo
1061 2285 1266 2349 esset
1293 2285 1388 2349 ut
1423 2268 1805 2351 adversus
1835 2267 2229 2351 Samnites
2254 2264 2672 2345 dimicaret

564 2417 1032 2523 imperator,
1074 2416 1281 2515 Jovi,
1326 2416 1391 2495 si
1432 2415 1776 2516 vicisset,
1817 2432 2095 2495 votum
2121 2412 2309 2493 fecit
2334 2412 2676 2520 vinipo-

573 2561 894 2662 cillum3
940 2579 1183 2671 atque
1225 2560 1457 2663 Cat0,
1509 2590 1762 2670 quum
1800 2562 1887 2642 in
1943 2561 2408 2671 Hispaniam
2451 2555 2676 2638 navi-

574 2727 821 2818 garet,
875 2708 1093 2791 unde
1146 2737 1330 2790 cum
1371 2709 1790 2818 triumpho
1834 2708 2238 2790 rediturus
2276 2724 2472 2807 erat,
2507 2695 2674 2786 non

575 2864 798 2947 aliud
825 2893 1071 2973 quam
1110 2864 1446 2972 remiges
1481 2864 1720 2944 bibit.
1776 2863 1845 2944 T
1849 2894 2007 2944 unc
2044 2892 2373 2973 quoque
2409 2858 2670 2959 amici,

577 3009 792 3092 dona
821 3012 1269 3121 praebentes
1316 3011 1620 3112 amiciS,
1670 3012 2053 3090 sextarios
2097 3009 2325 3089 lactis
2384 3006 2677 3087 offere-

575 3158 802 3258 bant,
843 3187 1260 3266 nunquam
1303 3158 1468 3236 vini
1524 3187 1539 3236 ;
1577 3186 1724 3237 nec
1787 3173 2016 3238 erant
2065 3157 2503 3265 apothecae,
2530 3179 2679 3233 nec

578 3302 932 3385 diffundi
959 3303 1330 3383 solebant
1355 3303 1567 3383 vina.

685 3469 790 3545 At
819 3492 1035 3544 anno
1064 3463 1551 3544 DCXXXIII
1606 3462 1882 3562 Urbis,
1924 3492 2157 3544 suum
2199 3463 2508 3542 bonum
2552 3469 2678 3542 in·-

580 3614 976 3696 tellexisse
1034 3614 1442 3722 Romanos
1478 3629 1563 3692 et
1605 3613 2033 3721 apothecas
2077 3612 2457 3692 creavisse
2478 3672 2497 3710 ,
2532 3637 2683 3688 no-

584 3791 770 3842 men
796 3761 1102 3870 Opimii
1159 3760 1510 3839 consulis
1545 3757 2008 3840 indubitato
2068 3759 2210 3839 diu
2250 3759 2403 3838 fuit
2448 3785 2680 3862 argu-

583 3931 858 3996 mento
899 3912 1037 4020 (1).
1076 3912 1471 3991 Paulatim
1518 3912 1764 4017 igitur
1793 3908 2051 4019 major
2087 3910 2171 3987 in
2214 3908 2384 3988 dies
2432 3907 2686 3986 factus

582 4078 702 4142 est
731 4088 951 4160 usu5‚
995 4057 1245 4164 magis
1287 4084 1377 4137 ac
1422 4058 1672 4164 magis
1721 4056 1953 4136 cultoe
1986 4055 2312 4135 fuerunt
2337 4054 2565 4155 vites,
2609 4071 2689 4133 et

666 4300 749 4379 (Ι)
773 4298 944 4363 Gonf.
974 4296 1163 4372 plin„
1195 4294 1303 4358 lib.
1340 4294 1492 4357 XIV.
