2975 5159
1475 479 1865 552 ...33.....

614 646 705 703 ex
742 631 1065 704 omnibus
1093 632 1299 705 rebus
1329 653 1505 726 quas
1540 653 1748 729 supra
1780 634 2065 725 jamjam
2098 632 2401 704 diximus
2432 644 2709 727 apparet

614 758 1019 830 continuum
1059 759 1266 830 fuisse
1322 757 1632 832 laborem
1690 759 2143 853 agricolarum
2183 769 2249 831 et
2284 757 2463 830 inter
2487 777 2708 831 annos

610 883 1181 956 intermissionem
1221 884 1446 979 operis
1485 888 1628 958 fere
1660 886 1918 956 nullam
1953 907 1970 953 ε

774 1071 1034 1137 ...Redit
1061 1074 1350 1156 agricolis
1378 1074 1554 1138 labor
1582 1082 1759 1139 actus
1790 1075 1853 1137 in
1883 1074 2124 1150 orbem,

775 1182 975 1260 Atque
1004 1180 1067 1242 in
1098 1198 1163 1244 se
1192 1200 1303 1244 sua
1329 1199 1442 1261 per
1473 1181 1731 1262 vestigia
1759 1179 2023 1244 volvitur
2045 1197 2241 1243 annus
2268 1196 2285 1241 τ

770 1288 847 1348 Et
865 1286 994 1366 jam
1023 1287 1174 1350 olim
1207 1306 1374 1352 seras
1401 1290 1611 1372 posuit
1641 1306 1837 1371 quum
1864 1289 2041 1351 vinea
2065 1289 2347 1363 fronde&

769 1394 1047 1474 Frigidus
1068 1403 1132 1458 et
1153 1396 1314 1460 silvis
1342 1397 1551 1480 aquilo
1574 1396 1851 1460 decussit
1872 1396 2200 1472 honorem,

640 1520 647 1523 ’
770 1504 908 1565 Jam
935 1509 1067 1566 tum
1088 1522 1236 1567 acer
1264 1523 1445 1568 curas
1467 1506 1817 1570 venientem
1854 1504 2130 1569 extendit
2154 1504 2219 1567 in
2248 1521 2478 1568 annum

771 1609 1108 1674 Rusticus„
1122 1655 1137 1673 .
1165 1610 1250 1691 (1)

606 1774 722 1845 Sic
765 1773 836 1844 in
879 1774 1130 1846 vinetis
1173 1777 1337 1846 fere·
1364 1796 1650 1870 semper,
1683 1773 2135 1850 laborandum
2163 1784 2344 1863 erat,
2387 1783 2457 1846 et
2489 1774 2704 1848 otium

602 1900 723 1970 =vel
761 1897 1241 1988 brevissimum
1286 1899 1671 1972 afferebant
1711 1920 1916 1971 nonae
1951 1898 2350 1969 decembres
2383 1897 2521 1992 (2),
2565 1920 2705 1992 quo

612 2034 922 2118 tempore
961 2024 1316 2097 colebatur
1339 2023 1626 2096 *Faunus
1656 2025 2317 2117 celebrabanturque
2354 2023 2698 2096 Faunalia.

617 2149 791 2220 Tum
840 2171 1006 2220 vero
1057 2171 1182 2245 per
1230 2149 1497 2247 aliquot
1537 2151 1684 2224 dies
1742 2149 2061 2245 agricolae
2099 2148 2544 2242 quiescebant
2568 2203 2587 2235 ‚
2641 2159 2708 2220 et

608 2276 788 2346 saltu
824 2286 1169 2368 cantuque
1214 2276 1596 2369 gaudentes
1617 2331 1635 2367 ,
1685 2297 1824 2347 uon
1878 2274 1992 2345 dei
2049 2274 2414 2369 praeclaras
2469 2272 2707 2346 laudes

604 2395 1043 2493 ignorabant.
1107 2403 1280 2487 Quae
1352 2402 1607 2494 gaudia
1634 2452 1655 2490 ‚
1718 2401 1792 2472 in
1845 2401 2147 2472 carmine
2201 2395 2292 2472 ad
2339 2400 2641 2474 Faunum
2673 2455 2697 2486 ,

608 2528 712 2598 his
752 2526 983 2599 verbis
1014 2529 1353 2599 memorat
1391 2527 1717 2600 Horatius
1741 2524 1845 2622 (3)
1882 2555 1898 2596 ε

848 2713 1032 2776 Ludit
1059 2712 1328 2776 herboso
1357 2732 1547 2794 pecus
1577 2732 1764 2780 omne
1793 2732 2036 2796 campe,

847 2820 1048 2891 Quum
1077 2819 1189 2886 tihi
1220 2835 1401 2883 nonae
1431 2821 1691 2884 redeunt
1721 2822 2142 2885 decembres...

847 2925 1096 3007 Spar-git
1121 2934 1393 3007 agrestes
1421 2927 1538 2990 tibi
1567 2927 1716 2991 silva
1740 2928 2018 3004 frondes;

776 3041 783 3050 '
847 3033 1084 3098 Gaudet
1109 3033 1367 3097 invisam
1394 3034 1708 3116 pepulisse
1736 3035 1935 3099 fossor

1077 3135 1207 3201 Ter
1235 3137 1395 3220 pede
1423 3145 1655 3201 terram
1679 3138 1792 3222 (4).

693 3314 774 3397 (1)
804 3314 973 3395 Virg.
1012 3314 1258 3395 Georq„
1292 3317 1366 3392 ΙΙ,
1402 3319 1693 3381 400-405.

676 3424 773 3504 (2)
794 3421 1035 3486 »Gallice
1068 3443 1101 3483 ε(
1136 3423 1554 3487 5decembre.
1584 3445 1614 3483 n

691 3531 772 3611 (3)
804 3530 949 3606 0d.‚
981 3532 1079 3608 ΙΙΙ,
1116 3546 1289 3607 mn,
1322 3549 1379 3594 v.
1409 3534 1574 3596 9-16.

694 3636 776 3718 (4)
807 3639 892 3698 De
940 3636 1039 3697 his
1069 3653 1207 3717 quae
1255 3637 1546 3699 Faunalia
1596 3637 2188 3702 vocabantur‘verba
2221 3638 2367 3702 fecit
2418 3638 2696 3715 Anthou,

605 3761 939 3826 graecarum
969 3741 1421 3825 latinarumque
1442 3742 1793 3806 litterarum
1819 3742 2127 3825 professor
2149 3744 2213 3805 in
2241 3744 2563 3826 gymnasio
2589 3746 2705 3807 Co-

604 3850 849 3914 lumbiae
882 3875 894 3910 :
928 3873 958 3910 (ι
986 3852 1234 3912 Faunus
1261 3851 1386 3912 had
1425 3858 1549 3914 two
1579 3850 1849 3914 festivals
1883 3870 1899 3913 ε
1927 3869 2041 3915 one
2057 3870 2137 3914 on
2161 3852 2266 3912 the
2298 3867 2491 3914 nones
2512 3853 2582 3915 of
2596 3847 2704 3914 de-

603 3958 879 4035 cember,
902 3958 1060 4020 after
1076 3958 1160 4020 all
1181 3958 1285 4020 the
1304 3959 1579 4038 produce
1597 3959 1786 4021 ot‘the
1799 3977 1944 4039 year
1957 3958 2079 4020 had
2095 3957 2252 4020 been
2273 3958 2480 4021 stored
2495 3975 2695 4041 away,

599 4065 723 4128 and
742 4065 922 4128 when
949 4065 1053 4127 the
1082 4066 1204 4145 god
1226 4084 1351 4130 was
1366 4066 1651 4130 invoked
1665 4072 1732 4152 to
1748 4072 1985 4148 protect
2002 4066 2070 4142 it,
2103 4065 2226 4127 and
2248 4073 2312 4127 to
2326 4065 2463 4148 give
2481 4066 2700 4128 health

596 4171 717 4234 and
764 4170 1082 4251 fecundity
1112 4179 1174 4234 to
1211 4172 1318 4233 the
1343 4171 1540 4235 ssocks
1582 4172 1705 4235 and
1747 4173 1972 4247 herds3
2018 4172 2140 4234 and
2184 4172 2445 4235 another
2482 4172 2545 4233 in
2587 4171 2697 4235 the

597 4278 935 4360 beginning
964 4276 1035 4341 of
1069 4279 1169 4340 the
1213 4279 1447 4362 spring,
1480 4280 1658 4342 when
1701 4279 1808 4344 the
1840 4295 2005 4342 same
2049 4273 2222 4363 deity
2248 4298 2376 4343 was
2400 4278 2697 4360 propitia·
