2975 5159
1423 507 1816 574 —50-

579 655 969 752 picarentur
1017 652 1147 751 (1).
1210 653 1382 724 Picis
1423 675 1706 747 quoque
1747 652 2176 726 dulcedinem
2219 654 2681 749 explorabant

573 793 806 876 gustu,
863 802 950 851 ne
1000 779 1178 851 illius
1241 779 1696 851 amaritudine
1762 780 1919 850 vina
1979 779 2412 868 vitiarentur,
2474 790 2681 873 atque

574 906 777 978 etiam
809 905 1308 998 diligentissimi
1335 905 1404 975 in
1430 905 1677 977 decem
1707 904 1877 999 picis
1905 905 2115 978 libras
2148 927 2360 975 unam
2394 906 2682 999 optimae

573 1052 750 1103 cerae
781 1032 1022 1103 libram
1062 1031 1481 1123 injiciebant,
1518 1023 1689 1123 'quae
1729 1029 1929 1103 odori
1966 1030 2336 1125 saporique
2382 1030 2679 1124 profice-

572 1168 701 1245 ret,
748 1168 815 1229 et
855 1158 1077 1251 picem
1107 1156 1384 1229 lenitate
1432 1156 1888 1251 permulcenS,
1933 1155 2306 1249 frigoribus
2344 1177 2498 1228 eam
2539 1178 2681 1229 non

571 1292 920 1377 pateretur
953 1282 1268 1355 dissilire.
1390 1334 1397 1340 -
1637 1369 1642 1372 ,

671 1407 962 1498 Deinde,
988 1431 1204 1502 quum
1240 1408 1592 1497 calefacta,
1637 1408 1854 1502 picata
1895 1417 1963 1478 et
1997 1407 2386 1499 diligenter,
2427 1430 2513 1478 ne
2534 1407 2684 1498 jam

577 1531 936 1605 humorem
972 1535 1182 1604 ullum
1221 1532 1583 1620 baberent,
1621 1533 1874 1605 siccata
1929 1532 2213 1604 fuissent
2241 1532 2427 1606 intus
2464 1531 2676 1617 dolia,

574 1657 1163 1753 perfundebantur
1213 1659 1288 1729 in
1339 1669 1629 1731 externa
1681 1669 1874 1753 purte
1919 1658 2030 1730 vel
2078 1678 2261 1750 aqua
2319 1660 2522 1749 salsa,
2568 1659 2680 1729 vel

570 1787 863 1874 marina,
917 1785 974 1856 si
1022 1785 1329 1858 vicinum
1377 1795 1558 1858 esset
1600 1807 1824 1875 mare3
1878 1795 2025 1857 tum
2070 1787 2297 1858 cinere
2354 1784 2682 1857 sarmenti

574 1911 915 2005 adspergi,
959 1912 1069 1984 vel
1117 1911 1385 2004 argilla,
1445 1921 1514 1983 et
1558 1911 1867 1983 abstersa
1918 1909 2202 2007 myrrha
2245 1908 2464 1983 suffiri
2501 1913 2680 1984 sole·-

573 2035 746 2107 bant
776 2034 911 2133 (2).

670 2177 837 2251 Haec
864 2190 1099 2251 autem
1125 2179 1355 2250 omnia
1389 2201 1552 2272 quae
1585 2179 1673 2251 ad
1709 2201 1904 2268 vasa,
1929 2179 2138 2267 dolia,
2165 2178 2452 2251 fiscellas
2476 2177 2681 2274 perli-

568 2305 831 2376 nebant
862 2326 998 2376 non
1037 2314 1302 2376 tantum
1340 2327 1379 2375 a
1417 2305 1581 2376 viris
1640 2306 1764 2378 sed
1807 2304 2009 2377 etiam
2048 2327 2091 2376 a
2126 2301 2529 2377 mulieribus
2565 2326 2685 2376 cu-

573 2430 908 2502 rabantur
953 2456 968 2500 :
1011 2452 1169 2501 nam
1200 2429 1572 2501 vindemiae
1610 2432 1862 2504 futurae
1911 2452 2077 2503 cura
2118 2452 2259 2503 non
2299 2430 2600 2502 villicum
2637 2453 2682 2502 a

573 2564 819 2628 caetera
850 2556 1030 2626 ruris
1049 2556 1311 2627 cultura
1355 2565 1578 2627 tolum
1607 2566 1918 2629 avertere
1949 2556 2270 2646 debebat,
2297 2568 2364 2627 et
2403 2557 2680 2649 conjugi

576 2682 832 2774 conjux
878 2680 1108 2753 nimiis
1154 2680 1224 2751 in
1262 2679 1369 2751 his
1419 2679 1777 2752 laboribus
1844 2681 2179 2753 auxilium
2225 2681 2390 2755 utile
2438 2681 2671 2753 dabat.

575 2807 817 2902 Itaque
862 2809 1264 2897 Columella,
1326 2828 1539 2900 quum
1587 2808 1819 2903 priore
1862 2807 2062 2895 libro,
2108 2807 2226 2910 qui
2286 2807 2683 2878 inscribitur

572 2934 885 3025 villicus,
931 2936 1065 3025 jam
1136 2934 1348 3005 verba
1411 2933 1676 3005 fecisset
1718 2934 1803 3005 de
1863 2934 2070 3005 rebus
2115 2932 2203 3005 ad
2256 2932 2678 3004 vindemiam

567 3059 1067 3153 praeparandiS‚
1115 3079 1255 3129 non
1307 3068 1534 3129 tamen
1597 3058 1895 3129 alienum
1955 3079 2101 3129 esse
2149 3060 2414 3151 putavit
2473 3056 2676 3128 etiam

567 3181 816 3255 villicae
854 3183 941 3253 de
966 3182 1211 3252 iisdem
1242 3183 1620 3276 praecipere
1648 3195 1723 3253 ut
1750 3181 2220 3274 intelligereta
2258 3202 2331 3251 se
2368 3181 2679 3252 curanda

566 3329 1026 3401 quaecumque
1056 3308 1185 3378 sub
1218 3317 1397 3378 tecto
1429 3306 1996 3378 administrantur
2022 3305 2202 3377 circa
2233 3306 2680 3377 vindemiam.

664 3433 1020 3525 Denique,
1087 3454 1301 3526 quum
1373 3431 1607 3502 omnia
1652 3443 1879 3503 essent
1929 3441 2167 3525 parata
2235 3431 2680 3526 tempestiva-

571 3577 707 3651 que
759 3558 1184 3648 judicaretur
1223 3557 1610 3644 maturitas,
1668 3556 2095 3628 conducebat
2156 3556 2458 3648 agricola
2528 3557 2683 3627 vin-

648 3761 726 3845 (1)
765 3763 973 3844 «Sunt
997 3767 1228 3835 autem,
1262 3759 1349 3821 ait
1372 3759 1736 3834 Columella,
1765 3759 1910 3821 satis
1936 3757 2525 3840 sesquicullearibus
2554 3759 2679 3822 do·

562 3869 662 3931 liis
690 3869 849 3950 picis
871 3869 1039 3930 durae
1069 3867 1281 3948 pondo
1307 3866 1518 3928 vicena
1550 3866 1762 3948 quina.
1791 3887 1822 3925 »³
1860 3868 1987 3941 XII,
2025 3870 2121 3929 18.
2161 3864 2681 3946 Sesquicullearia

567 3976 822 4056 gallice:
860 3975 1176 4037 «7801itr.
1217 3977 1370 4047 369;
1398 3996 1427 4033 υ
1465 3973 1871 4055 vicenaquina
1901 3974 2044 4055 galh
2087 3995 2118 4033 ε(
2141 3977 2180 4035 8
2210 3971 2428 4052 kilogr.
2456 3975 2598 4048 1583
2637 3993 2670 4030 n

565 4091 751 4163 atque
799 4082 944 4145 hinc
994 4081 1149 4163 picis
1205 4105 1239 4143 ε(
1284 4087 1314 4144 1
1361 4080 1584 4163 kilogn
1630 4106 1660 4142 >2
1715 4080 1862 4144 satis
1914 4086 2047 4143 erat
2105 4080 2277 4144 dolio
2327 4079 2678 4145 continenti

574 4211 602 4248 (ι
625 4193 703 4253 95
728 4189 820 4251 lit.
849 4210 881 4248 ι)

641 4306 726 4387 (2)
759 4303 946 4383 Prin„
980 4305 1136 4380 xw,
1167 4308 1269 4367 21.
