2975 5159
1170 547 1265 562 ..-
1318 507 1415 578 25
1458 547 1559 563 ...-

392 649 587 747 Sed,
617 673 894 753 quoque
924 679 1107 731 anno
1130 655 1167 747 ‚²
1196 646 1321 755 per
1359 661 1624 753 aliquot
1663 647 1811 731 dics
1840 649 2135 731 'vinculis
2170 651 2407 731 vineas

310 783 648 855 liberabat
691 777 1025 874 alligator,
1069 783 1354 877 illasque
1403 781 1693 871 sinebat,
1739 779 1830 854 'ut
1867 783 1963 854 ita
2002 783 2254 870 dicam,
2297 783 2406 854 'ad

309 908 804 1003 quiescendum
850 909 1129 1000 vagari.
1198 903 1419 996 Nam',
1461 909 1562 981 ait
1603 909 1889 997 Plinius,
1927 936 1958 972 α
2000 908 2170 977 nibil
2199 903 2302 980 es't
2329 907 2401 978 in

310 1023 522 1127 opere
561 1025 853 1122 naturae,
884 1053 1038 1127 'quc
1093 1053 1229 1106 non
1273 1035 1595 1129 exemplo
1638 1029 1904 1106 dierum
1958 1033 2407 1125 noctiumque

306 1157 575 1252 aliquas
613 1156 804 1230 vices
839 1149 1159 1230 feriarum
1189 1159 1355 1231 velit
1389 1187 1405 1230 ι
1440 1167 1519 1231 ut
1549 1160 1854 1232 veterina
1891 1177 1933 1232 a
1960 1160 2157 1250 jugo,
2186 1167 2254 1229 et
2286 1177 2402 1229 ca-

314 1305 438 1355 nes
475 1305 515 1354 a
549 1303 754 1356 cursu
797 1279 1131 1357 volutatio
1154 1286 1393 1376 juvat,
1442 1287 1536 1357 ita
1570 1295 1715 1356 tum
1754 1295 1822 1356 et
1861 1284 2101 1355 vitium
2139 1282 2405 1378 porrigi

310 1409 586 1481 lumbos
617 1408 743 1505 (1).
795 1438 830 1475 n
875 1401 1109 1495 Quam*
1135 1431 1275 1482 rem
1302 1411 1736 1507 appellabant
1778 1409 2071 1483 Romani
2088 1403 2413 1505 praecepi·

307 1547 462 1603 tat-e
491 1537 744 1621 vitem,
793 1546 860 1606 et
902 1536 1087 1606 hunc
1125 1536 1404 1608 modum
1446 1535 1918 1631 praecipitandi
1943 1531 2407 1628 sequebantur

305 1660 618 1754 plerique
663 1686 679 1728 ε
714 1653 877 1732 nam
912 1658 1220 1732 liberatae
1251 1659 1408 1732 vitis
1434 1653 1721 1733 brachia
1751 1659 2103 1734 dividebat
2134 1645 2206 1731 in
2227 1682 2404 1753 qua·-

306 1789 469 1850 tuor
499 1788 726 1871 partes
769 1778 1110 1869 alligator,
1153 1778 1415 1871 palmas
1450 1776 1700 1851 deinde
1731 1778 1905 1870 jugo
1939 1777 2405 1872 superpositas

304 1902 630 1974 deorsum
684 1903 1013 1974 curvabat
1057 1903 1349 1974 molliter
1386 1914 1598 1995 atque
1623 1901 1862 1991 libere,
1903 1912 1970 1974 et
2016 1902 2403 1997 palmitibus

305 2025 411 2120 ita
427 2026 976 2120 dependentibus
1000 2048 1139 2098 non
1169 2036 1432 2099 tantum
1454 2049 1704 2100 nocere
1729 2037 2041 2122 poterant
2064 2036 2398 2119 quantum

302 2149 600 2240 alligatis
622 2150 994 2242 grandines
1022 2161 1143 2222 aut
1170 2152 1446 2245 pluviae.

318 2321 331 2330 -
405 2274 665 2348 Rursus
726 2285 983 2364 tamen,
1041 2259 1439 2369 priusquam
1495 2277 1756 2347 fructus
1806 2273 2262 2365 mitescerent,
2312 2293 2401 2345 ne

303 2400 530 2472 ventis
568 2411 688 2472 aut
724 2401 889 2473 feris
924 2418 1086 2473 uvae
1127 2410 1591 2492 vastarentur,
1629 2401 2097 2492 religabantur
2135 2401 2400 2489 vineae,

301 2524 732 2618 cavebatque
768 2525 1085 2615 alligator
1135 2548 1245 2609 ne,
1292 2529 1530 2597 rursus
1585 2527 1830 2599 eodem
1879 2527 2034 2599 loco
2071 2527 2410 2617 alligatae,⁸

299 2650 519 2738 nimia
557 2650 931 2721 vexatione
986 2661 1381 2722 secarentur
1417 2649 1549 2747 (2).
1611 2650 1906 2724 Curabat
1952 2650 2155 2723 etiam
2194 2653 2398 2741 Juxta

310 2775 771 2846 decumanam
799 2774 985 2846 viam
1018 2781 1228 2868 atque
1261 2776 1566 2863 semim,
1602 2773 2270 2869 ne'praet'ereuntium
2301 2776 2403 2845 in-

309 2919 555 2972 cursus
580 2899 865 2971 laederet
897 2917 1096 2986 uvas»,
1129 2897 1507 2971 flectendos
1544 2900 1951 2975 intrinsecus
1987 2900 2325 2997 palmites·
2403 2929 2408 2976 :

1295 3145 1406 3218 vlf.

523 3340 679 3428 Quo
715 3335 918 3438 modo
957 3321 1760 3438 conjungerentursvites
1786 3353 1855 3409 et
1881 3337 2197 3416 arbusta.

401 3529 640 3602 Totam
674 3528 1104 3623 inspeximus
1124 3529 1627 3623 rationem'qua
1652 3530 1808 3603 vitis
1843 3529 1932 3602 ad
1955 3532 2201 3623 jugum
2213 3559 2230 3582 ‚-
2243 3553 2416 3625 per-,

302 3657 673 3729 duceretur
703 3680 717 3723 ε
744 3675 932 3724 nunc
953 3654 1045 3725 ad
1066 3654 1345 3726 arbusta
1373 3656 1818 3728 veniendum.
1849 3656 2271 3728 Haecautem
2294 3677 2422 3727 αι’-,ι

301 3782 663 3853 bustorum
698 3779 873 3851 ratio
903 3800 1044 3851 non
1066 3778 1152 3850 ab
1172 3779 1492 3851 omnibus
1505 3779 1830 3853 Romanis
1850 3781 2139 3877 probata
2158 3781 2307 3868 fuit,
2325 3791 2397 3851 et

303 3909 486 3978 inter
517 3927 641 3977 eos
673 3904 918 3999 quide
948 3923 1021 3975 re
1048 3904 1304 3994 rustica
1334 3906 1780 4001 scripserunt,
1813 3908 2004 3980 varia
2029 3918 2097 3979 et
2127 3916 2395 3979 contra-

383 4084 460 4167 (1)
488 4083 672 4154 Plin„
704 4082 887 4157 XVII,
915 4084 1014 4144 23.

383 4191 471 4274 (Ξ)
506 4214 540 4250 «
565 4193 804 4253 Rursus
848 4188 1182 4270 alligentur
1225 4187 1349 4251 alio
1391 4189 1579 4253 loco:
1613 4207 1885 4272 namque
1912 4190 2140 4255 orbitas
2167 4189 2393 4312 vinculi

301 4297 601 4374 sentiunt,
631 4294 957 4358 vexatione
979 4311 1105 4356 non
1133 4295 1424 4358 dubia.»
1459 4296 1612 4360 Plin.
1765 4305 1768 4306 ’
1905 4304 1912 4309 ’
