2975 5159
1147 521 1242 535 ...
1297 482 1391 550 23
1442 519 1540 534 ..-

304 630 807 724 compluviatas
842 631 1298 727 quadruplici.
1325 632 1514 703 Vites
1551 630 1840 725 simplici
1860 633 2031 728 jugo
2067 634 2407 729 impositae

302 756 831 849 porrigebantur
857 756 927 828 in
957 759 1269 830 ordinem
1296 779 1507 852 quem
1526 760 1904 830 canterium
1935 760 2401 854 appellabant,

302 882 669 956 stillarum
712 881 956 954 melius
993 892 1140 955 erat
1170 883 1413 954 vinum
1448 910 1468 954 t
1525 905 1682 954 nam
1721 884 1810 954 ita
1848 884 2227 979 dispositae,
2267 909 2405 959 non

300 1006 474 1102 ipsae
519 1006 649 1078 sibi
686 1007 1222 1093 obumbrabant,
1268 1006 1690 1103 assiduoque
1717 1008 1866 1081 sole
1895 1010 2400 1103 coquebantur,

302 1142 370 1202 et
420 1131 727 1203 afflatum
775 1133 993 1227 magis
1042 1133 1439 1226 sentienteS,
1497 1135 1785 1206 celerius
1833 1155 2061 1207 rorem
2105 1135 2405 1209 dimitte·

301 1256 499 1330 bant.
558 1257 1058 1352 Compluviatae
1116 1280 1311 1348 vern,
1363 1280 1521 1353 qum
1576 1277 1832 1334 nomen
1895 1261 2079 1333 istud
2125 1281 2166 1332 a
2217 1264 2408 1334 cavis

301 1383 559 1454 aedium
596 1383 1003 1477 compluviis
1057 1385 1444 1470 trabebant,
1491 1384 1980 1457 dividebantur
2019 1387 2086 1458 in
2129 1397 2405 1480 quater-

301 1530 428 1580 nas
461 1520 684 1601 partes
726 1509 1014 1581 totidem
1049 1509 1261 1601 jugis,
1314 1510 1843 1604 copiosior-eque
1877 1509 2037 1580 vino
2083 1511 2403 1584 frueban-

302 1642 548 1720 turget
581 1636 899 1707 vinorum
934 1635 1201 1729 copiam
1250 1656 1559 1731 persaepe
1609 1636 2116 1730 inquirentibus
2137 1638 2405 1729 ‘agrico-

301 1761 411 1849 lis,
444 1761 934 1855 compluviatae
972 1761 1241 1836 caeteris
1277 1759 1902 1856 anteponebantur.
1940 1765 2286 1851 Attamen,
2329 1775 2407 1834 ut

293 1887 444 1979 jugi
478 1888 756 1958 modum
799 1888 1151 1978 eligerent,
1200 1887 1358 1958 coell
1402 1899 1471 1957 et
1503 1890 1807 1959 locorum
1836 1899 2153 1959 naturam
2195 1887 2405 1983 respi-

299 2012 576 2085 ciebant
620 2037 639 2081 2
682 2012 945 2101 frigidis
973 2012 1153 2084 enim
1188 2013 1258 2083 in
1308 2013 1706 2103 regionibus
1744 2013 2090 2107 simplices
2124 2015 2404 2086 ordines

298 2138 788 2227 instituebant,
822 2137 1702 2232 quo'facilius-insolaretur
1732 2137 1981 2210 humus
2008 2161 2107 2231 per
2126 2137 2403 2211 flatum-

300 2288 439 2360 que
468 2265 913 2337 salubriorem
948 2263 1229 2336 haberet
1265 2264 1566 2351 fructus;
1595 2263 1667 2333 in
1693 2263 1858 2334 locis
1885 2282 2052 2335 vero
2084 2265 2197 2334 ubi
2234 2286 2404 2357 prae*

299 2389 625 2484 cipitibns
651 2389 844 2462 clivis
881 2391 1087 2462 velut·
1107 2388 1411 2483 pendens
1453 2389 1743 2483 piurima
1777 2388 2101 2483 praesidia
2129 2389 2404 2464 deside-

302 2516 501 2588 rabat
567 2516 771 2604 vitis,
829 2537 916 2586 ne
992 2515 1375 2609 pluviarum
1435 2524 1558 2586 aut
1618 2514 2068 2609 procellarum
2121 2514 2414 2587 incursu·

299 2642 796 2728 detraheretur,
837 2640 1261 2734 quadruplici
1288 2640 1456 2732 jugo
1505 2640 1705 2732 quasi
1752 2639 2089 2732 quadrato
2130 2640 2402 2733 agmine

299 2766 870 2854 confirmabatur3
913 2776 980 2836 et
1016 2765 1088 2836 in
1128 2765 1375 2836 calidis
1418 2786 1698 2858 quoque
1731 2764 2061 2858 siccisque
2113 2766 2281 2837 locis
2324 2766 2400 2837 in

300 2893 704 2989 quadratam
762 2901 1021 2986 partem
1077 2888 1552 2984 porrigebatur
1607 2900 1681 2962 ut
1735 2900 2176 2986 prorepentes
2229 2912 2404 2963 con·-

298 3019 707 3112 densatique
744 3015 1059 3113 pampini
1079 3024 1332 3088 terram
1370 3017 1714 3087 sitientem
1757 3015 2276 3088 obumbrarent.

398 3144 540 3215 Nec
569 3163 715 3215 non
742 3151 810 3214 et
838 3142 930 3213 de
963 3140 1298 3236 positione
1318 3139 1672 3233 jugorum,
1721 3149 2061 3233 quatenns
2088 3162 2130 3211 a
2157 3141 2399 3213 tellure

296 3265 593 3342 levanda·
629 3270 788 3355 sint,
827 3278 1084 3339 certam
1119 3266 1458 3338 rationem
1500 3264 1854 3338 habebant
1900 3266 2212 3339 Romani.
2252 3268 2406 3339 Hu⁸<

248 3377 251 3382 ⁴
297 3394 653 3467 millimam
690 3393 1064 3465 censebant
1108 3412 1259 3482 esse
1288 3393 1588 3486 quatuor
1626 3390 1907 3485 pedum,
1957 3390 2397 3464 celsissimam

297 3531 589 3615 septem,
640 3519 762 3591 sed
799 3519 975 3590 hanc
1023 3517 1374 3589 vitandam
1414 3516 1795 3612 praesertim
1842 3516 1911 3588 in
1965 3517 2251 3589 novellis
2289 3537 2395 3591 se·

294 3645 600 3716 minibus
637 3669 652 3714 t
694 3663 822 3714 nec
865 3640 1274 3711 dubitabant
1308 3639 1473 3733 quin
1515 3641 1688 3710 vites
1718 3648 1906 3711 tanto
1959 3639 2260 3713 melioris
2284 3664 2395 3713 sa-

299 3770 492 3866 poris
523 3768 908 3863 praebereut
959 3774 1289 3853 mustum,
1341 3773 1603 3855 quanto
1650 3762 1719 3833 in
1772 3763 2172 3835 editioribus
2211 3766 2396 3859 jugis

297 3892 853 3987 imponebantur,
904 3888 1027 3960 sed
1055 3889 1312 3978 justam
1366 3908 1517 3957 esse
1558 3886 1918 3958 vinearum
1970 3888 2164 3958 altitu
2191 3890 2395 3960 linem

297 4021 553 4116 pedum
582 4021 895 4111 quinque
911 4015 1231 4087 dicebant
1250 4012 1376 4108 (1).
1403 4013 1738 4085 Caeterum
1769 4013 1838 4083 iu
1868 4013 1998 4084 hac
2023 4013 2406 4105 quaestione,

381 4184 465 4269 (1)
506 4207 539 4245 α
562 4184 627 4249 Si
650 4190 873 4248 cuncta
896 4184 1257 4262 competunt
1278 4186 1444 4258 vot0,
1466 4182 1639 4261 ,iusta
1666 4185 1764 4244 est
1782 4178 2050 4244 altitudo
2077 4179 2267 4245 vineae
2288 4191 2393 4263 pe-

300 4294 455 4357 dum
486 4291 779 4374 quinque.
816 4312 851 4350 a
874 4289 1145 4363 Colum„
1174 4287 1276 4366 IV,
1310 4289 1407 4355 19.
