2975 5159
1556 456 1947 525 -94-

693 610 767 682 in
806 608 979 680 libra
1012 606 1539 698 continebantur
1580 604 1974 693 duodecim,
2012 605 2110 676 sic
2155 602 2522 675 duodecim
2565 603 2764 698 cyathi

693 733 989 808 orantia
1032 731 1347 821 hemina3
1390 742 1602 826 atque
1642 729 1808 803 hine
1846 729 2179 802 rationem
2205 709 2545 802 habemus
2578 728 2767 800 varia-

692 879 847 929 rum
886 875 1363 932 mensurarum
1408 876 1573 951 quae
1611 864 1985 930 occurrunt
2020 853 2090 924 in
2129 852 2407 948 potibus
2444 876 2460 921 ε
2502 866 2769 924 sextans

693 983 879 1055 enim
921 993 1119 1056 sexta
1165 1004 1324 1077 pars
1364 980 1669 1056 heminae
1714 981 2140 1065 habebatur,
2191 999 2314 1051 seu
2352 976 2580 1074 cyathi
2624 977 2769 1065 du03

686 1104 1086 1206 quadratu,
1121 1117 1299 1196 tres;
1346 1109 1616 1196 triens,
1663 1115 2005 1203 quatuor;
2054 1104 2451 1202 quincunx,
2493 1104 2772 1197 quinque

692 1232 957 1328 cyathi3
1001 1230 1150 1325 bes,
1188 1243 1383 1326 octo;
1427 1242 1639 1327 atque
1668 1229 1935 1318 deunx,
1984 1229 2303 1301 undecim
2334 1226 2470 1325 (1).

788 1360 934 1431 Nec
974 1368 1240 1434 tantum
1266 1358 1512 1434 vinum
1543 1357 2006 1430 infundebant
2026 1356 2408 1451 pincernae,
2440 1353 2566 1426 sed
2597 1353 2775 1426 etiam

693 1468 979 1555 miscere
1017 1492 1087 1576 et
1120 1494 1506 1580 temperare
1541 1483 1913 1556 debebant.
1948 1482 2034 1554 Et
2075 1481 2164 1553 de
2204 1480 2336 1552 ista
2370 1478 2775 1573 temperandi

693 1606 839 1680 vini
888 1607 1159 1679 ratione
1194 1607 1698 1681 dissentiebant
1729 1607 2033 1701 plerique
2074 1600 2178 1705 (Ξ)
2216 1632 2230 1675 :
2273 1626 2521 1699 nempe
2555 1602 2670 1675 alii
2688 1603 2781 1693 ju-

695 1733 954 1805 bebant
972 1755 1176 1831 aeque
1194 1734 1538 1806 miscenda
1565 1734 1807 1806 vinum
1842 1741 1911 1805 et
1928 1725 2204 1825 aquam,
2230 1731 2345 1802 alii
2366 1729 2585 1801 tribus
2604 1748 2782 1821 aquae

696 1859 1007 1956 partibus
1061 1882 1270 1931 unam
1341 1860 1527 1950 vini,
1574 1848 1656 1932 [et
1713 1859 2026 1933 nonnulli
2083 1868 2381 1952 quatuor
2433 1856 2546 1928 vel
2599 1854 2782 1926 etiam

697 1986 1004 2081 quinque
1042 1985 1355 2084 partibus
1388 1985 1567 2057 vinis
1613 1986 1788 2058 duas
1819 2006 2023 2080 aquae
2054 1982 2557 2072 admiscendas.
2609 1978 2786 2053 Vinis

696 2111 884 2182 enim
922 2109 1021 2183 ita
1058 2109 1376 2192 ‚insolatis
1419 2131 1502 2182 ac
1551 2119 1899 2185 vetustate
1939 2108 2189 2184 crassis
2230 2108 2605 2180 utebantur
2645 2126 2784 2201 per-

690 2258 880 2332 saepe
934 2237 1275 2322 Romani,
1332 2245 1411 2306 ut
1460 2234 1680 2331 potari
1725 2258 1845 2331 per
1890 2258 1966 2309 se
2012 2257 2154 2308 non
2211 2243 2521 2330 possent,
2581 2231 2787 2305 aiebat

693 2345 981 2451 Plinius,
1022 2362 1155 2434 nisi
1202 2362 1769 2456 pet-vincerentur
1809 2383 2014 2457 aqua.

702 2489 731 2506 ”
793 2485 996 2582 Aqua
1021 2507 1190 2559 vero
1227 2483 1519 2559 nimium
1566 2486 1814 2578 frigida
1848 2509 1989 2559 non
2024 2486 2266 2559 vinum
2315 2493 2456 2556 tam
2493 2505 2788 2558 crassum

698 2611 1076 2684 dissolvere
1100 2610 1457 2706 potuisset,
1495 2611 1636 2683 imo
1655 2634 1734 2685 su
1744 2622 2163 2707 pernatasset
2190 2620 2256 2683 et
2280 2610 2790 2683 crassitudinem

701 2737 1041 2808 auxisset.
1085 2738 1356 2830 ltaque,
1392 2736 1793 2832 priusquam
1834 2731 2035 2840 coena
2085 2734 2314 2827 fieret,
2358 2731 2544 2809 servi
2587 2731 2791 2807 mitte·

697 2861 960 2933 bantur
1014 2860 1086 2933 in
1127 2862 1439 2957 publicas
1483 2862 1631 2934 illas
1676 2861 2006 2934 officinas
2073 2861 2328 2955 quibus
2356 2872 2503 2933 erat
2548 2880 2787 2933 nomen

701 2986 1219 3084 thermopolia,
1247 3002 1316 3059 et
1355 2985 1495 3059 illic
1545 2989 1824 3060 venales
1892 3009 2104 3081 aquas
2161 2987 2420 3061 calidas
2483 2987 2791 3058 emebant

697 3135 861 3205 quae
893 3114 1178 3187 domum
1208 3123 1754 3209 reportarentur.
1780 3112 1976 3187 Servi
2002 3111 2258 3208 etiam(
2284 3122 2363 3184 ut
2398 3121 2622 3186 testes
2649 3119 2796 3186 sunt

695 3242 957 3314 Seneca
978 3242 1087 3313 ‘ad
1116 3239 1453 3312 Lucilium
1487 3239 1981 3313 etAmmianus
2010 3240 2450 3313 Marcellinus
2471 3239 2543 3309 in
2573 3237 2791 3311 Paeda-

696 3365 961 3461 gogio)
1002 3362 1061 3436 si
1093 3385 1351 3458 aquam
1385 3366 1681 3440 calidam
1717 3365 1978 3444 tardius
2015 3365 2446 3454 attulissent,
2488 3362 2793 3439 trecentis

695 3487 909 3580 affligi
944 3490 1359 3576 verberibus
1379 3490 1821 3583 jubebantur.

796 3612 1101 3686 Calidam
1165 3615 1377 3706 igitur
1430 3636 1686 3706 aquam
1708 3669 1727 3703 ,
1781 3614 2182 3709 priusquam
2221 3621 2653 3702 coenaretur,
2715 3607 2792 3684 ad

698 3741 1149 3835 praeparanda
1182 3740 1342 3815 vina
1375 3740 1681 3812 maxime
1718 3742 2179 3814 necessariam
2208 3763 2357 3813 esse
2386 3740 2787 3813 credebant}

777 3934 855 4016 (1)
891 3931 1332 4015 Distinguenda
1362 3953 1512 3998 vero
1541 3934 1910 4016 significatio
1941 3934 2147 4016 cyathi
2172 3935 2279 4016 qui
2315 3953 2610 3998 mensura
2641 3937 2792 3997 certa

704 4040 1083 4120 habebatur,
1110 4050 1175 4108 et
1201 4043 1401 4125 cyathi
1424 4043 1533 4126 qui
1562 4042 1860 4125 poculum
1886 4051 2047 4125 erat3
2076 4062 2201 4125 quo
2223 4042 2474 4108 nomine
2507 4042 2792 4126 pincerna

710 4150 935 4230 pocula
959 4149 1317 4215 ministrans
1343 4150 1665 4215 dicebatur
1690 4152 1772 4214 ad
1801 4151 2086 4233 cyathum
2105 4158 2294 4215 stares
2379 4234 2382 4237 .

792 4255 868 4339 (2)
900 4258 1037 4322 Vid.
1073 4258 1380 4338 Athenae„
1410 4259 1521 4323 lib.
1549 4261 1626 4325 X,
