2975 5159
1101 466 1201 481 ....
1252 430 1493 504 55...

261 598 521 673 passum
554 577 833 666 faciant,
869 606 904 645 n
933 588 1002 650 et
1032 578 1220 652 idem
1251 578 1501 652 iterum
1532 576 1712 652 infra
1747 574 2040 670 legimus
2078 598 2096 644 z
2146 602 2182 638 α
2223 574 2326 645 Si·

263 702 389 773 mili
433 703 669 788 modo,
700 725 881 797 aqua
916 703 1148 777 addita
1187 702 1667 778 secundarium
1691 700 1988 782 faciunt.
2019 729 2074 780 ‚»
2097 698 2334 792 ,Igitur

263 849 608 900 censemus
663 828 790 901 hoc
844 851 1114 924 passum
1165 852 1348 922 aqua
1404 826 1792 906 confectum
1840 848 1969 902 nec
2024 824 2338 912 habitum

265 951 464 1025 fuisse
506 974 775 1056 verum,
813 954 1043 1028 necin
1097 954 1460 1028 conditura
1502 953 1818 1026 vinorum
1860 951 2048 1037 utile,
2081 949 2208 1023 sed
2241 971 2347 1022 se-

266 1077 664 1150 cundarium
704 1079 908 1151 fuisse
942 1081 1277 1173 liquorem
1317 1078 1441 1172 qui
1477 1078 1826 1170 jucundus
1869 1077 2078 1149 etiam
2123 1075 2348 1148 videri

269 1210 331 1273 et
356 1202 424 1273 in
460 1225 590 1274 usu
622 1204 1021 1298 quotidiano
1060 1205 1206 1278 bibi
1249 1214 1543 1301 poterat.
1599 1205 1835 1298 Itaque
1882 1224 2047 1275 vera
2083 1210 2350 1275 tantum

206 1340 210 1344 ⁴
268 1327 667 1412 habebimus
717 1331 834 1403 illa
860 1353 1022 1425 quae
1069 1331 1330 1406 fiebant
1384 1341 1504 1406 aut
1563 1330 1777 1426 passis
1824 1329 1986 1401 uvis
2037 1329 2237 1400 simul
2281 1335 2355 1399 et

270 1455 623 1527 excellenti
679 1455 885 1544 vin0,
930 1457 1107 1530 sicut
1155 1480 1362 1552 supra
1408 1456 1757 1544 diximuS‚
1796 1464 1917 1530 aut
1962 1453 2357 1549 simpliciter

272 1579 481 1674 passis
518 1581 671 1654 uvis
703 1603 844 1660 non
880 1583 1043 1664 vino
1082 1582 1528 1670 madefactis,
1559 1581 1740 1654 sicut
1771 1582 1983 1654 refert
2021 1579 2361 1654 Palladius

273 1703 387 1797 qui
411 1704 568 1777 talia
609 1706 919 1802 praecipit
947 1706 1053 1803 (1)
1093 1732 1110 1777 ε
1148 1730 1318 1780 uvas
1353 1728 1591 1804 passas
1633 1729 1847 1801 quam
1889 1705 2217 1801 plurimas
2255 1705 2359 1776 Ie·

273 1850 431 1920 gere
465 1832 632 1903 etin
668 1833 920 1908 fiscella
967 1834 1233 1906 clausas
1271 1833 1488 1936 virgis
1536 1834 1762 1928 primo
1795 1834 2075 1905 fortiter
2118 1831 2364 1904 verbe-

271 1978 458 2044 rare3
494 1956 746 2030 deinde
775 1959 893 2030 ubi
931 1981 1217 2040 uvarum
1252 1980 1503 2054 corpus
1535 1958 1640 2029 vis
1673 1958 2099 2032 contusionis
2122 1956 2355 2030 exsol-

271 2090 511 2170 verat,
583 2082 878 2156 cochleae
955 2085 1385 2180 suppositam
1442 2083 1773 2156 fiscellam
1836 2083 2292 2178 comprimere
2341 2109 2356 2152 ε

278 2216 418 2277 tum
454 2228 729 2300 passum
768 2230 919 2282 esse
954 2209 1296 2304 quidquid
1322 2209 1689 2282 effluxerat
1715 2219 1782 2282 et
1820 2209 1892 2281 in
1915 2209 2199 2286 vasculo
2225 2230 2369 2286 ser·

277 2334 445 2406 vari.

374 2473 528 2544 Non
560 2473 851 2545 multum
892 2484 1122 2548 autem
1177 2496 1217 2547 a
1243 2498 1466 2571 passo
1518 2409 1794 2548 differre
1824 2474 2097 2548 videtur
2131 2472 2368 2569 defi-w·

250 2612 473 2686 -tum,
502 2597 636 2670 nisi
684 2608 1024 2693 quantum
1054 2599 1221 2672 illud
1261 2601 1394 2672 sub
1431 2602 1589 2673 sole
1617 2622 1896 2694 passum
1946 2600 2207 2672 dictum
2242 2610 2369 2689 est,

276 2724 415 2797 hoc
447 2724 611 2817 igne
650 2734 719 2796 et
755 2724 1067 2797 coctione
1099 2722 1248 2795 fieri
1278 2724 1703 2816 intelligitur.
1750 2726 1925 2797 Nam
1955 2747 2123 2801 Juvae
2159 2747 2376 2821 passae

279 2849 537 2946 quibus
573 2847 783 2922 fiebat
803 2872 1100 2944 passum
1118 2849 1274 2923 ¹sole
1307 2849 1738 2922 siccabantur
1767 2850 1989 2924 donec
2016 2852 2376 2923 dimidium

281 2973 554 3069 pondus
611 2984 998 3070 superesset
1060 2970 1194 3071 (2),
1253 2984 1320 3046 et
1367 2975 1571 3046 simili
1621 2975 1828 3048 modo
1878 2977 2228 3049 defrutum
2268 2976 2376 3073 (3)

283 3111 434 3173 erat
473 3101 901 3180 mustumad
936 3100 1294 3174 dimidiam
1341 3110 1606 3195 partem
1648 3100 1811 3193 igne
1849 3103 2230 3176 decoctum.
2270 3102 2380 3175 Ad

280 3224 420 3298 hoc
459 3225 846 3298 faciendum
872 3277 892 3313 ,
928 3228 989 3297 si
1026 3226 1309 3298 facultas
1344 3236 1565 3315 esset,
1607 3225 1932 3299 Amineas
1984 3226 2224 3299 vineas
2255 3225 2380 3299 eli-

282 3350 497 3442 gebat
529 3351 784 3423 vinitor
813 3362 932 3423 aut
961 3351 1136 3425 vites
1159 3351 1656 3425 vetustissimas
1684 3362 1751 3424 et
1788 3352 2066 3425 minime
2099 3352 2382 3446 uligino-

283 3497 401 3548 sas
454 3504 471 3547 ε
521 3486 666 3549 tum
717 3476 1134 3558 observabat
1169 3476 1680 3551 decrescentem
1725 3479 1958 3550 lunam
1993 3489 2062 3550 et
2102 3479 2380 3574 placido

370 3680 951 3766 (1)Gonf.Pa11ad.‚
987 3682 1088 3758 XI,
1122 3685 1219 3747 19.

374 3792 458 3871 (Ξ)
484 3790 838 3854 «siccantes
862 3788 1013 3864 sole,
1033 3787 1553 3870 aitle1us(X1V
1575 3792 1664 3870 9),
1687 3791 1886 3856 donec
1908 3793 2091 3873 paulo
2119 3792 2380 3876 amplius

283 3896 624 3984 dimidium
657 3897 899 3980 pondus
925 3897 1284 3980 supersit.»

376 4007 458 4089 (3)
488 4010 688 4087 Hujus
713 4006 972 4072 nominis
998 4025 1248 4070 causam
1278 4005 1546 4090 explicat
1571 3973 1880 4074 Palladius
1910 4009 2192 4090 (xl‚19),
2231 4027 2373 4076 nam

283 4112 635 4190 defrutum,
661 4111 768 4189 ait,
795 4131 829 4175 a
858 4111 1231 4175 deferxendo
1253 4110 1505 4190 dictum,
1536 4112 1641 4177 ubi
1668 4115 1747 4176 ad
1765 4113 2220 4196 spissitudinem
2251 4112 2382 4181 for

160 4272 181 4288 .
280 4221 434 4284 titer
457 4217 933 4303 despumaverit,
962 4218 1259 4284 effectum
1286 4225 1415 4282 est.

2087 4346 2115 4397 t
