2975 5159
1433 549 1825 617 ..54—

583 698 742 785 bue,
800 717 1254 768 mammarum
1294 696 1504 769 modo
1541 707 1917 786 tumenteS‚
1956 707 2023 769 et
2057 696 2371 767 unciales
2398 694 2502 792 (1)
2532 720 2687 789 quae

585 844 785 894 suum
826 842 1076 893 nomen
1112 844 1152 892 a
1193 822 1500 917 pondere
1542 823 1722 896 acini
1764 824 2134 912 ducebant,
2173 832 2241 895 et
2267 822 2690 919 stephanitae

582 971 739 1042 quae
789 946 964 1018 miro
1002 957 1264 1020 naturae
1313 934 1460 1020 lusu
1518 949 1894 1044 quamdam
1928 945 2321 1020 efficiebant
2364 967 2689 1019 coronam

588 1073 762 1145 foliis
798 1073 975 1145 inter
1018 1073 1256 1146 acinos
1290 1075 1752 1161 cursantibus»,
1802 1084 1870 1146 et
1900 1074 2169 1171 picinoe
2203 1072 2330 1165 (2),
2380 1073 2691 1144 omnium

584 1198 1004 1287 nigerrimae,
1049 1207 1117 1268 et
1170 1199 1544 1292 praelongis
1598 1198 1815 1270 acinis
1880 1195 2169 1290 dactyli,
2236 1207 2303 1269 et
2347 1193 2476 1267 illae
2538 1219 2695 1289 quae

584 1319 899 1406 forenses
913 1324 1347 1396 vocabantur
1373 1324 1534 1419 quia
1560 1323 1946 1396 vendibiles
1981 1333 2179 1395 erant.
2211 1333 2495 1418 aspectu
2534 1343 2696 1417 por·

591 1454 872 1538 tatuque
926 1446 1184 1518 faciles

690 1569 877 1653 Quas
930 1592 1115 1641 uvas
1179 1590 1321 1642 nou
1378 1570 1626 1643 eodem
1678 1570 1890 1642 modo
1942 1570 2164 1640 cuncti
2220 1567 2557 1665 parabant
2622 1578 2700 1639 ut

592 1703 1059 1766 servarentur.
1093 1695 1389 1779 Quidam
1434 1694 1618 1766 enim
1660 1718 1876 1789 quum
1933 1696 2288 1766 bumastos
2330 1703 2449 1765 ant
2494 1693 2699 1767 dura-

590 1821 780 1892 cinas
835 1820 1303 1892 desecuissent
1347 1841 1389 1891 a
1429 1820 1570 1891 vite
1596 1872 1615 1905 ‚
1676 1819 2006 1891 continuo
2053 1818 2408 1915 pediculos
2458 1839 2697 1891 earum

591 1943 1047 2039 impicabant,
1117 1954 1185 2016 et
1254 1966 1396 2038 quo
1478 1945 1681 2016 citius
1748 1944 1819 2015 in
1876 1945 2101 2039 picem
2181 1943 2707 2016 demitterentur

592 2070 934 2164 pediculi,
991 2071 1061 2140 in
1120 2070 1438 2165 proximo
1478 2070 1865 2144 decumano
1922 2070 2135 2142 fiebat
2194 2068 2374 2162 ignis
2425 2081 2504 2139 ut
2578 2068 2704 2164 pix

594 2195 943 2268 ferveret:
992 2206 1137 2266 tum
1209 2195 1457 2266 labello
1536 2194 1725 2267 fictili
1786 2196 1976 2288 quod
2033 2194 2423 2268 siccissimis
2486 2194 2706 2289 paleis

593 2322 1097 2417 impleverant,
1153 2341 1323 2393 uvas
1392 2320 1955 2415 superponebant
2008 2329 2076 2392 et
2127 2320 2275 2391 illas
2325 2320 2542 2391 altero
2595 2321 2699 2391 la-

595 2446 774 2518 bello
822 2445 1053 2517 stricte
1092 2445 1443 2533 tegebant.
1478 2445 1663 2516 Talia
1702 2445 1981 2538 quidem
2027 2445 2321 2517 faciebat
2362 2446 2705 2517 Columel-

593 2572 681 2643 1ae
745 2580 1030 2665 patruus
1080 2569 1195 2664 qui
1241 2570 1376 2641 lata
1425 2591 1595 2642 vasa
1646 2569 1716 2640 in
1764 2571 2047 2643 modum
2099 2571 2494 2666 patinarum
2554 2570 2704 2643 fieri

588 2695 926 2789 jubebat,
979 2705 1048 2767 et
1109 2716 1398 2768 uvarum
1460 2696 1815 2790 pediculos
1881 2697 1950 2766 in
2006 2695 2227 2790 picem
2291 2695 2605 2785 demitti,
2642 2706 2713 2769 et

594 2843 768 2893 uvas
806 2820 902 2892 ita
940 2821 1008 2891 in
1054 2821 1301 2915 patinis
1344 2822 1666 2915 componi
1714 2842 1802 2892 ne
1838 2821 2014 2892 inter
2071 2843 2148 2893 se
2185 2822 2702 2915 contingerent3

599 2947 722 3017 sed
757 2946 907 3018 haec
945 2946 1282 3018 addebat:
1332 2968 1548 3038 quum
1578 2945 1900 3039 opercula
1931 2945 2181 3019 deinde
2214 2969 2448 3019 crasso
2488 2970 2712 3044 gypso

604 3070 1004 3157 oblevisset,
1078 3091 1246 3143 vasa
1333 3070 1696 3162 diligenter
1763 3070 2039 3164 picabat
2111 3092 2197 3143 ne
2254 3072 2410 3165 quis
2458 3071 2716 3144 humor

604 3197 892 3267 transire
953 3205 1223 3290 posset,
1305 3205 1371 3267 et
1432 3195 1503 3265 iu
1572 3216 1754 3288 aqua
1816 3196 2105 3267 fontana
2174 3194 2285 3267 vel
2339 3196 2711 3268 cisternina

603 3318 1029 3416 ponderibus
1083 3319 1419 3414 impositis
1481 3328 1621 3391 tota
1682 3321 2068 3412 mergebat,
2147 3320 2400 3391 nullam
2468 3310 2711 3393 eorum

601 3488 774 3551 hunt.
807 3491 975 3552 Hanc
1020 3505 1202 3550 uvam
1226 3505 1473 3570 quoque
1492 3490 1686 3550 Varro
1714 3494 1890 3550 vocat
1917 3488 2342 3551 bumammam
2380 3488 2477 3569 (R.
2506 3492 2606 3566 R„
2635 3491 2712 3567 11,

601 3601 670 3672 5;
716 3596 878 3659 conf.
937 3595 1197 3660 Macrob.
1254 3596 1535 3671 Satura„
1576 3597 1657 3674 11,
1705 3597 1831 3672 16),
1870 3599 1934 3657 et
1977 3596 2063 3658 sic
2094 3595 2365 3678 loquitur
2390 3596 2713 3679 Virgilius:

609 3705 796 3767 «Non
846 3723 963 3786 ego
1004 3710 1135 3767 te...
1185 3702 1598 3766 transierim...
1657 3702 1935 3780 tumidiS,
1990 3702 2286 3783 bumasm,
2373 3704 2711 3767 racemis.»

605 3812 846 3891 θεον9.,
880 3810 955 3884 11,
1006 3813 1143 3873 102.

684 3920 770 4000 (1)
808 3917 947 3980 Illas
973 3937 1110 3999 quae
1144 3936 1180 3979 a
1203 3917 1397 3980 Plinio
1439 3918 1726 3980 dicuntur
1761 3917 2054 3996 unciales,
2095 3918 2399 3980 unciarias
2427 3918 2579 3981 dicit
2601 3917 2719 3983 Co-

607 4027 885 4102 lumella,
915 4027 1018 4098 111,
1052 4030 1114 4089 2.
1167 4025 1343 4089 Gonf.
1367 4024 1510 4087 Isid.
1542 4026 1723 4105 XVII,
1756 4030 1817 4087 5.

687 4136 768 4214 (2)
812 4134 963 4210 Quia
1005 4134 1103 4213 pix
1143 4138 1236 4195 est
1273 4132 1621 4213 nigerrima,
1671 4132 1873 4213 picina
1940 4150 2192 4218 quoque
2234 4130 2568 4196 vocabatur
2598 4151 2723 4196 uva

602 4241 956 4323 nigerrima,
977 4260 1112 4322 quae
1143 4240 1307 4322 apud
1351 4258 1463 4304 nos
1515 4239 1596 4302 ob
1618 4240 1897 4303 eamdem
1928 4258 2175 4303 causam
2208 4238 2430 4319 gallico
2458 4239 2722 4303 nomine

603 4356 855 4411 vocatur
888 4350 1136 4408 noiraut
1170 4346 1265 4408 vel
1292 4349 1631 4407 teinturier.
