2975 5159
1531 501 1922 572 -90—

668 653 886 725 tima:
925 649 1275 737 Lesbium,
1329 671 1466 743 quo
1531 650 1795 721 nullum
1851 646 2239 749 jucundius
2298 645 2446 718 hibi
2495 645 2748 718 dicebat

667 772 1207 870 Athenaeus(1);
1259 774 1493 846 Tmoli
1525 775 1792 862 vinum,
1833 774 2028 866 cujus
2073 769 2399 844 virtutem
2443 770 2752 843 laudave-

670 911 830 974 runt
853 901 1367 977 Siliusltalicus
1403 911 1474 973 et
1510 901 1861 972 Vitruvius
1885 897 2024 995 (2);
2100 896 2489 983 Tkasium,·
2532 895 2754 968 Clazo-

668 1031 976 1097 menium
985 1057 1016 1114 ,-
1078 1026 1353 1115 Chium,
1418 1048 1500 1099 ac
1554 1028 1930 1123 praesertim
1960 1048 2053 1097 ex
2077 1026 2246 1097 Chio
2296 1046 2517 1118 genus
2563 1044 2757 1117 praes-

666 1154 1148 1241 tentissimum‚
1198 1153 1395 1248 quod
1421 1152 1510 1226 ab
1563 1153 1900 1226 Athenaeo
1937 1150 2320 1225 vocabatur
2360 1146 2651 1248 ἀρυΐσιον,
2697 1158 2758 1220 et

667 1280 862 1372 cujus
888 1280 1189 1352 maxima
1228 1280 1377 1351 laus
1408 1280 1755 1352 celebrata
1789 1278 1920 1350 fuit
1948 1298 1990 1349 a
2037 1276 2354 1368 Virgilio:

866 1454 1022 1517 Vina
1041 1471 1272 1519 novum
1297 1453 1555 1518 fundam
1587 1452 1841 1518 calathis
1875 1452 2105 1516 ariusia
2128 1457 2343 1515 nectar
2377 1448 2484 1534 (3),

664 1629 873 1713 atque
915 1640 957 1690 a
992 1618 1154 1691 Silio
1195 1619 1466 1691 Italico:

863 1794 1138 1870 Tmolus,
1173 1798 1235 1857 et
1263 1792 1595 1857 ambrosiis
1621 1792 1846 1857 ariusia
1868 1792 2096 1876 pocula
2119 1794 2319 1858 succis
2352 1796 2450 1876 (4).

762 1974 862 2045 Tu
902 1994 1220 2066 quoque,
1254 1993 1297 2043 o
1339 1993 1496 2044 mea
1533 1972 1752 2061 telluS,
1805 1992 1849 2043 o
1890 1970 2126 2060 Gallia,
2167 1971 2379 2043 tulisti
2422 1973 2612 2045 dona
2638 1975 2770 2046 Ro·

663 2098 910 2169 manis.
940 2097 1076 2169 Sed
1103 2097 1403 2170 barbara
1435 2120 1575 2169 non
1605 2106 1787 2168 artes
1824 2097 2253 2184 excoluerat-3,
2290 2106 2551 2190 tuaque
2584 2098 2768 2170 dona

661 2223 947 2295 Romani
1003 2232 1581 2317 contempserunt.
1636 2220 1905 2293 Etenim
1967 2221 2055 2292 de
2111 2232 2174 2293 te
2229 2221 2415 2315 apud
2471 2223 2770 2294 Plinium

662 2344 828 2419 heu!
879 2346 1034 2419 talia
1065 2347 1356 2439 legimus
1391 2372 1408 2417 ε
1444 2375 1477 2411 α
1515 2349 1698 2418 Inter
1727 2347 2133 2440 Pyrenaeum
2189 2346 2537 2442 Alpesque
2587 2350 2770 2420 Mas-

663 2472 809 2543 silia
875 2470 982 2566 (5)
1043 2472 1321 2565 gemino
1372 2491 1650 2565 sapore,
1708 2470 1988 2565 quando
2042 2481 2110 2542 et
2157 2471 2568 2543 condiendis
2622 2474 2771 2544 aliis

664 2597 991 2691 pinguius
1061 2597 1316 2690 gignit,
1383 2595 1576 2690 quod
1638 2605 1892 2667 vocant
1961 2616 2349 2668 succosum.
2430 2599 2771 2670 Baeterra-

666 2745 819 2791 rum
845 2719 952 2816 (6)
989 2722 1167 2793 intra
1201 2721 1452 2794 Gallias
1492 2721 1801 2794 consistit
1830 2722 2217 2792 auotoritas.
2245 2723 2347 2794 De
2373 2723 2669 2816 reliquis
2704 2726 2771 2795 in

662 2845 1100 2918 Narbonensi
1128 2845 1378 2939 genitis
1416 2846 1829 2918 adseverare
1860 2863 2000 2918 non
2038 2857 2139 2919 est
2182 2872 2199 2916 ε
2241 2851 2578 2940 quoniam
2616 2849 2772 2920 offi-

664 2972 890 3072 cinam
945 2973 1091 3063 ejus
1129 2972 1228 3042 rei
1282 2973 1503 3043 fecere
1536 2972 1879 3062 tingentes
1912 2972 2101 3043 fumo
2124 3024 2144 3061 ‚
2186 2970 2596 3067 utinamque
2632 2997 2774 3045 non

667 3105 735 3168 et
796 3097 1059 3186 herbiS‚
1118 3118 1200 3168 ac
1259 3096 1832 3168 medicaminibus
1885 3090 2155 3167 noxiis!
2224 3096 2492 3191 Quippe
2555 3099 2777 3170 etiam

663 3221 863 3293 aloen
927 3231 1316 3293 mercantur
1337 3272 1357 3309 ‚
1420 3244 1556 3314 qua
1622 3242 1935 3317 saporem
1994 3221 2432 3316 coloremque
2493 3224 2775 3295 adulte-

664 3356 816 3417 rant
842 3344 975 3443 (7).
1011 3374 1044 3409 ι)
1072 3346 1239 3418 Haeo
1258 3346 1543 3441 quidem
1565 3346 1851 3436 Plinius,
1886 3367 2116 3440 neque
2147 3345 2379 3419 abillo
2404 3347 2775 3422 dissentie-

747 3542 828 3619 (1)
861 3540 1115 3617 Athen„
1155 3542 1202 3617 I,
1236 3543 1336 3603 26.

747 3644 828 3728 (2)
859 3644 967 3709 Sil.
998 3646 1157 3721 Ital„
1190 3648 1331 3722 VIl;
1361 3646 1626 3727 vitruv„
1660 3649 1813 3725 VIII,
1844 3652 1905 3713 3.

741 3746 825 3828 (3)
852 3746 1025 3825 Virg.
1059 3746 1264 3824 Ede„
1292 3748 1368 3823 V,
1396 3750 1503 3812 Ἠ.

748 3852 828 3935 (4)
854 3852 960 3915 Sil.
989 3853 1140 3929 Ital„
1167 3855 1294 3929 VH,
1326 3857 1471 3919 210.
2537 3913 2546 3922 .
2618 3929 2626 3940 Α

739 3961 823 4042 (5)
855 3962 944 4021 De
970 3960 1247 4024 fumariis
1273 3962 1555 4025 Massiliae
1569 3964 1698 4044 jam
1717 3962 2038 4027 retulimus
2057 3964 2420 4046 opinionem
2438 3967 2776 4032 Martialis·

718 4066 827 4148 .(6)
853 4068 1168 4144 Baeterrae,
1197 4068 1364 4149 apud
1400 4087 1515 4133 nos
1548 4072 1817 4147 deierS,
1849 4090 2038 4153 parvo
2076 4071 2398 4135 intervallo
2451 4070 2784 4136 distabant

658 4175 736 4238 ab
762 4193 911 4257 agro
938 4182 1150 4237 nostro
1178 4178 1577 4257 Frontiqnan.

740 4280 823 4370 (7)
859 4279 1042 4357 pun„
1073 4282 1236 4359 xlv,
1264 4285 1326 4346 5.
