2975 5159
1135 485 1522 553 ...41-

278 656 447 729 quae.
484 644 645 705 sunt
678 634 1088 719 necessaria,
1135 644 1331 708 extra
1376 634 1663 707 fundum
1710 635 2084 728 quaerenda
2138 636 2296 708 sint.
2340 647 2374 701 s

352 758 648 844 ‘Quibus
710 780 872 832 vero
950 762 1374 855 praeparatis'
1425 771 1495 831 ct
1555 760 1628 830 in
1697 759 1911 832 fundo
1969 760 2374 851 constitutiS,

280 884 551 958 vitiaria
587 885 949 964 faciebant.
1003 885 1364 958 Mediocris
1398 894 1471 956 et
1504 883 1774 957 modice
1804 886 2024 958 siccus
2061 893 2228 979 ager
2268 886 2378 958 vi·

278 1010 484 1082 tiario
530 1009 897 1084 videbatur
947 1010 1371 1105 aptissimum
1446 1031 1603 1081 nam
1658 1033 1749 1080 ex
1785 1008 2149 1082 ‘deteriore
2202 1020 2381 1084 terra

282 1136 512 1230 potius
559 1136 628 1205 in
683 1135 1038 1208 meliorem
1089 1157 1295 1228 quam
1350 1157 1445 1208 ex
1504 1135 1790 1208 meliore
1851 1136 1921 1206 in
1973 1135 2380 1210 deteriorem

288 1262 821 1347 transferebant,
880 1271 952 1333 et
1013 1260 1341 1355 quoniam
1381 1262 1451 1333 in
1510 1261 1814 1334 confinio
1861 1261 2026 1333 boni
2083 1263 2381 1357 malique

284 1385 564 1480 ponitur
618 1386 1089 1470 mediocritaS‚
1138 1407 1280 1460 non
1339 1407 1658 1480 magnam
1706 1387 2165 1462 differentiam
2219 1397 2382 1459 sen-

282 1511 544 1586 tiebant
604 1512 868 1584 semina
921 1533 1081 1606 quae
1122 1512 1238 1584 tali
1289 1512 1500 1584 modo
1535 1511 2141 1588 transferebantur.
2207 1512 2380 1584 Hinc

280 1637 493 1707 etiam
549 1649 968 1731 praeceptum
1004 1636 1177 1710 illud
1218 1637 1528 1730 Virgilii,
1578 1637 1696 1730 qui
1742 1637 1993 1710 vitiarii
2029 1636 2380 1729 vinetique

287 1773 601 1833 naturam
642 1761 950 1832 eamdem
990 1782 1140 1834 esse
1180 1762 1373 1834 vult:

448 1941 604 2000 Ante
637 1933 850 2002 locum
882 1938 1145 2001 similem
1169 1937 1525 2021 exquirunt,
1552 1938 1657 2000 ubi
1682 1939 1880 2020 prima
1909 1944 2154 2019 paretur

444 2044 781 2108 Arboribus
804 2063 1003 2125 segeS,
1034 2051 1247 2127 etque
1282 2059 1429 2107 mox
1459 2044 1698 2124 digesta
1720 2044 1974 2120 feratur,

438 2152 740 2214 Mutatam
764 2151 1051 2233 ignorent
1074 2151 1280 2215 subito
1312 2170 1390 2214 ne
1422 2150 1662 2215 semina
1685 2157 1951 2215 matrem
1977 2151 2087 2233 (1).

283 2309 426 2384 Nec
480 2324 745 2384 tantum
800 2315 927 2385 soli
983 2325 1295 2386 naturam
1350 2316 1476 2387 sed
1511 2315 1668 2386 coeli
1704 2315 2110 2408 positionem
2149 2314 2382 2387 obser·

282 2435 492 2509 vabat
536 2438 813 2530 vinitor,
870 2450 938 2511 et
988 2460 1227 2510 omnes
1271 2440 1539 2528 vineae,
1583 2440 1984 2536 priusquam
2037 2439 2382 2510 translatae

284 2545 599 2647 fuissent,
641 2563 921 2635 rubrica
983 2566 1290 2652 notabat,
1355 2576 1430 2636 ut
1481 2567 1550 2636 in
1617 2563 1848 2637 vineto
1908 2565 2183 2653 easdem
2228 2563 2381 2635 coeli

286 2700 515 2782 partes
552 2690 934 2783 aspicerent
977 2712 1148 2783 quas
1195 2691 1265 2759 in
1301 2692 1577 2762 vitiario
1625 2700 2126 2784 conspexerant
2160 2714 2174 2758 :
2212 2689 2384 2760 alio-

284 2812 453 2904 quin
492 2811 745 2903 frigore
785 2815 891 2883 vel
946 2814 1175 2884 calore
1230 2813 1736 2884 laboravissent
1781 2814 1868 2884 ab
1919 2815 2002 2884 iis
2045 2813 2380 2908 partibuS,

283 2959 460 3029 quas
497 2949 749 3032 praeter
807 2938 1375 3010 consuetudinem
1419 2937 1548 3008 sub
1587 2938 1722 3008 alio
1770 2950 1984 3010 tractu
2035 2938 2410 3033 expositas,

284 3062 692 3135 habuerant.
739 3063 937 3147 Quod
986 3064 1195 3134 etiam
1244 3086 1380 3134 non
1430 3063 1786 3156 Virgilium
1836 3064 2031 3156 fugit,
2069 3083 2225 3134 nam
2264 3085 2376 3132 su-

285 3186 539 3281 periori
576 3195 927 3281 praecepto
956 3188 1270 3281 protinus
1300 3186 1461 3258 talia
1501 3187 1775 3278 subjicit
1809 3214 1825 3257 :
2097 3197 2102 3200 ⁴

366 3359 520 3440 Quin
552 3361 738 3425 etiam
765 3360 902 3425 coeli
927 3362 1246 3442 regionem
1276 3363 1341 3424 in
1368 3364 1604 3427 cortice
1632 3364 1901 3443 signant,

369 3471 468 3546 Ut,
497 3488 622 3551 quo
652 3488 913 3551 quaeque
945 3470 1136 3533 modo
1163 3471 1432 3547 steterit,
1463 3489 1588 3552 qua
1617 3478 1788 3553 parte
1818 3471 2047 3534 calores

360 3577 693 3642 'Austrinos
720 3578 956 3655 tulerit,
988 3597 1124 3660 quae
1146 3586 1320 3658 terga
1343 3579 1670 3642 obverterit
1690 3578 1809 3657 axi,

368 3684 718 3750 Restituant
748 3707 762 3750 :
798 3684 958 3748 adeo
984 3686 1051 3747 in
1087 3685 1321 3749 teneris
1349 3705 1751 3750 consuescere
1773 3686 2040 3750 multum
2072 3695 2166 3749 est
2193 3688 2303 3766 (ΞΜ

285 3849 498 3941 Ager,
536 3873 739 3943 quem
771 3852 1106 3945 putabant
1137 3861 1370 3945 aptum
1407 3873 1555 3923 esse
1589 3847 1886 3940 vitiariO,
1910 3852 2164 3946 bipalio
2198 3853 2385 3948 prius

285 3974 776 4068 subigebatur3
817 3988 959 4046 tum
994 3975 1062 4046 iu
1105 3977 1282 4049 duos
1312 3978 1522 4073 pedes
1549 3990 1614 4049 et
1647 3978 1998 4052 semissem
2036 3990 2387 4072 converte·

368 4153 451 4231 (l)
483 4152 653 4232 Virg.
687 4153 922 4232 Geor-9„
956 4155 1029 4228 Π,
1065 4156 1353 4216 265-Ξ67,

376 4260 454 4336 (2)
487 4257 654 4340 Virg.
689 4260 932 4340 Geory„
963 4260 1038 4335 ΙΙ,
1064 4262 1350 4322 268·9.“11.
