2975 5159
1417 465 1808 536 ...73-

874 611 1185 694 'l'yrrbena
1212 629 1430 694 regum
1458 612 1806 696 progenieS,
1845 613 1958 678 tibi

893 721 1026 785 Non
1053 726 1196 786 ante
1225 738 1402 784 verso
1427 722 1567 786 lene
1594 740 1839 794 merum
1865 721 2101 788 cade...
2137 721 2219 806 (1)

573 890 647 953 et
677 880 829 954 haec
852 880 1063 953 verba
1102 910 1139 947 α
1173 906 1314 954 non
1345 897 1515 954 ante
1541 908 1753 955 verso
1780 913 1815 951 υ
1849 885 1951 957 sic
1996 886 2297 980 explicat
2331 883 2610 956 Anthou
2639 879 2664 956 ἐ

580 1034 621 1071 ιι
652 1005 795 1078 The
822 992 1118 1080 allusion
1156 1008 1216 1080 is
1240 1018 1313 1082 te
1347 1008 1460 1081 tbe
1483 1009 1789 1105 simplest
1813 1009 2015 1083 mode
2032 1010 2379 1105 practiced
2411 1027 2678 1102 among

584 1129 698 1238 the
723 1131 1023 1204 Romans
1057 1133 1162 1206 for
1200 1133 1525 1225 drawing
1565 1133 1676 1206 off
1695 1134 1812 1208 the
1850 1144 2164 1208 contenis
2201 1136 2285 1206 of
2309 1134 2422 1206 the
2449 1140 2679 1207 wine·

587 1257 848 1346 vessel,
890 1256 985 1351 by
1031 1256 1365 1351 inclining
1408 1259 1461 1330 it
1497 1269 1570 1332 to
1601 1280 1737 1332 one
1769 1260 1951 1350 side,
1997 1260 2138 1332 and
2172 1259 2331 1334 thus
2374 1260 2683 1355 pouring

582 1389 707 1454 out
741 1381 858 1456 the
893 1381 1117 1476 liquor
1139 1382 1271 1479 (2).
1309 1413 1344 1449 >2

686 1506 878 1580 Circa
926 1507 1133 1602 Alpes
1187 1507 1432 1601 ligneis
1485 1509 1670 1581 vasis
1717 1510 2056 1605 liquorem
2123 1511 2449 1583 vinitores
2522 1532 2687 1583 con-

589 1632 753 1706 dere
788 1633 1139 1719 solebant,
1193 1632 1600 1727 circulisque
1643 1655 1811 1708 vasa
1848 1635 2147 1727 cingere,
2211 1643 2418 1728 atque
2475 1631 2689 1706 etiam

593 1781 717 1854 per
753 1757 1048 1852 gelidam
1094 1758 1391 1831 hiemem
1441 1758 1719 1852 ignibus
1753 1760 2044 1852 rigorem
2099 1781 2358 1832 arcere.
2427 1759 2565 1830 Sed
2613 1759 2689 1830 in

582 1882 817 1977 ,plagis
871 1883 1260 1956 mitioribus
1315 1893 1586 1956 terrene
1635 1905 1908 1979 semper
1943 1895 2140 1957 erent
2184 1906 2372 1973 vasa,
2434 1894 2503 1957 et
2543 1906 2695 1957 mo-

599 2008 892 2082 nebatur
945 2008 1064 2102 qui
1123 2008 1241 2082 illa
1296 2017 1651 2103 empturus
1696 2017 1880 2095 erat,
1950 2029 2037 2081 ne
2086 2007 2323 2081 bibula
2358 2016 2476 2080 aut
2510 2010 2696 2081 male

605 2142 797 2208 cocta
822 2144 1083 2210 emeret
1119 2159 1136 2205 ε
1181 2156 1339 2208 nam
1374 2144 1667 2228 utreque
1703 2155 1814 2207 res
1847 2134 2091 2206 vinnm
2128 2134 2527 2207 transmisso
2570 2135 2699 2205 hu-

596 2281 797 2334 more
843 2259 1087 2332 vitiare
1125 2259 1499 2333 dicebatur.
1553 2259 1702 2336 Illis
1753 2258 1964 2332 ctiam
2009 2258 2232 2332 bonos
2282 2260 2530 2332 odores
2575 2259 2702 2331 ad-

584 2387 860 2460 debant
910 2396 993 2460 ‘ut
1042 2386 1300 2458 malum
1362 2404 1684 2480 ⁴saporem
1751 2384 2234 2479 prohiberent,
2304 2386 2467 2478 quia
2528 2383 2700 2455 nihil

608 2510 893 2584 celerius
944 2532 1153 2602 quam
1208 2509 1447 2582 vinum
1487 2509 1792 2584 'odorem
1843 2509 2139 2582 alienum
2198 2509 2287 2581 ad
2338 2531 2414 2581 se
2477 2508 2694 2580 ducit.

612 2638 1050 2731 Quapropter
1079 2634 1521 2729 praecipiebat
1550 2633 1805 2706 Plinius
1829 2633 2253 2728 sterquilinia
2279 2643 2348 2706 et
2374 2634 2704 2705 arborum

613 2760 883 2835 radices
927 2758 1201 2834 et-ficos
1237 2769 1306 2831 et
1355 2757 1716 2854 caprificos
1766 2760 2004 2854 procill
2042 2759 2305 2845 abesse,
2362 2758 2709 2851 doliisque

614 2885 972 2960 intervalla
1027 2885 1203 2972 deri,
1250 2913 1286 2950 α
1323 2905 1412 2956 ne
1457 2884 1634 2957 inter
1659 2905 1813 2957 sese
1846 2883 2015 2957 vitia
2049 2893 2430 2979 serperent,
2478 2894 2717 2955 eonta-

611 3011 821 3104 gione,
853 3011 997 3084 vini
1028 3031 1301 3106 semper
1332 3009 1651 3083 ocissima
1673 3007 1808 3103 (3).
1839 3037 1876 3075 n

1507 3177 1832 3334 ¹xn.¹

1006 3419 1285 3513 Quibus
1317 3419 1394 3489 ἰη
1434 3418 1608 3489 locis
1641 3420 1892 3489 vinum
1926 3431 2335 3488 servaretur.

720 3614 944 3687 Cados
992 3612 1243 3706 quibus
1297 3609 1723 3682 nobilissima
1760 3607 1923 3681 vina
1975 3608 2497 3681 continebantur
2547 3610 2720 3683 soris

628 3738 1112 3835 exponebant,
1162 3741 1239 3808 et
1274 3734 1404 3806 sub
1444 3733 1561 3807 dio
1623 3734 1722 3808 sic
1749 3733 2104 3830 expositos
2144 3734 2496 3806 verberari
2538 3735 2716 3824 sole,

715 3928 969 4012 (1)Hor.
1015 3927 1164 4002 Od„
1192 3928 1291 4002 111,
1329 3928 1434 4003 29,
1462 3929 1522 3988 1.

717 4036 794 4120 (2)
830 4032 1471 4114 Vid.Hesychium1n
1515 4050 1666 4098 voce
1703 4031 1905 4115 Σίφων.
1939 4031 2331 4111 Beckmann‚
2379 4030 2733 4097 Gesehae'chte

631 4146 743 4208 der
767 4141 1208 4224 Erfindtmqen,
1231 4140 1336 4219 IV,
1364 4157 1428 4222 p.
1458 4141 1601 4208 430.

714 4252 797 4328 (3)
831 4249 1017 4326 Plin„
1046 4248 1202 4324 XIV,
1227 4248 1331 4310 21.
