2975 5159
603 619 855 695 diffuso
900 629 1231 691 terrarum
1264 618 1468 706 orbe,
1516 619 1770 690 vicinae
1806 618 2012 692 etiam
2047 618 2366 690 nationes
2403 619 2703 691 nomini-

600 744 735 816 bus
781 766 1037 816 earum·
1065 743 1476 839 discrepant,
1520 747 1928 836 variantque
1983 744 2348 815 vocabula.
2399 771 2432 810 υ
2473 746 2704 829 Quare

602 867 962 964 prudentis
995 866 1304 959 magistri
1337 888 1490 939 esse
1524 876 1935 960 putaverunt
1956 867 2151 956 Cato,
2195 866 2427 938 Celsus
2457 876 2528 939 et
2556 869 2703 961 ipse

603 992 998 1078 Columella,
1043 990 1385 1085 ejusmodi
1422 989 1999 1063 nomenclationis
2040 992 2365 1083 aucupio,
2398 1013 2540 1085 quo
2582 1014 2705 1086 po·

605 1116 713 1188 tiri
740 1125 1123 1209 nequeant,
1154 1114 1498 1187 studiosos
1538 1137 1676 1186 non
1717 1115 2097 1200 demorari3
2134 1115 2256 1186 sed
2283 1114 2449 1188 illud
2487 1115 2558 1188 in
2595 1126 2701 1188 to·

606 1252 749 1316 tum
800 1251 1273 1336 praeceperunt
1320 1241 1581 1311 nulium
1637 1261 1859 1331 genus
1905 1241 2149 1312 vitium
2183 1242 2692 1314 conserendum

604 1388 753 1439 esse
785 1366 914 1439 nisi
960 1369 1137 1437 fama
1165 1421 1184 1457 ‚
1220 1366 1479 1437 nullum
1515 1364 1776 1437 diutius
1810 1365 2358 1438 conservandum
2397 1365 2530 1437 nisi
2574 1389 2703 1438 ex-

604 1493 984 1588 perimento
1023 1493 1408 1587 probatum.

1597 1672 1717 1743 111.

737 1821 956 1895 Plura
982 1848 1244 1922 genera
1279 1824 1537 1895 villum
1573 1824 1647 1892 in
1689 1847 1826 1893 uno
1874 1846 2044 1921 agro
2076 1821 2554 1919 [madantum

1458 1947 1546 2018 de
1593 1945 1841 2018 hortis.

1885 2045 1912 2071 Ι

701 2120 1043 2207 Attamen,
1099 2120 1156 2190 si
1197 2118 1549 2214 prudentis
1594 2118 1915 2211 agricolae
1948 2118 2225 2192 videtur
2263 2140 2414 2194 esse
2455 2118 2698 2208 vitem,

604 2266 815 2338 quam
841 2244 1189 2340 praecipue
1216 2243 1637 2337 probaverit,
1677 2243 1863 2313 nulla
1883 2242 2385 2314 interveniente
2421 2244 2704 2316 alterius

599 2381 786 2442 notae
807 2369 1039 2463 stirpe,
1073 2389 1454 2457 conserere,
1488 2365 1810 2461 illiusque
1839 2365 2200 2440 numerum
2236 2389 2447 2461 quam
2482 2366 2707 2438 maxi-

602 2519 787 2575 mum
831 2515 1101 2588 semper
1142 2512 1437 2585 augere,
1482 2490 1905 2586 providentis
1957 2500 2060 2563 est
2099 2491 2376 2564 diversa
2418 2514 2706 2586 quoque

600 2643 855 2715 genera
888 2621 962 2693 iu
1000 2619 1246 2690 eodem
1277 2638 1446 2708 agro
1485 2617 1857 2720 deponere.
1899 2618 2168 2692 Etenim
2210 2640 2350 2692 non
2384 2619 2582 2700 mites
2620 2642 2708 2691 ae

604 2757 999 2841 temperatae
1019 2753 1179 2815 sunt
1201 2744 1352 2816 sine
1373 2743 1768 2815 intermissu
1805 2744 2012 2815 totius
2033 2743 2199 2814 anni
2232 2754 2693 2838 tempestates,

600 2872 692 2941 ita
732 2881 809 2941 ut
839 2871 928 2941 ab
973 2869 1239 2961 injuriis
1275 2869 1579 2964 ipsarum
1630 2869 1912 2961 aliquod
1949 2868 2364 2960 vitisgenus
2411 2870 2700 2944 omnino

607 3007 822 3067 tutum
854 2996 965 3066 sit.
1007 2974 1222 3086 Igitur
1258 2993 1562 3086 agricola
1592 2994 1713 3084 qui
1758 2993 2005 3087 stirpes
2049 2993 2258 3064 unius
2285 3004 2473 3066 notae
2506 3016 2704 3068 seve-

604 3121 713 3209 rit,
756 3141 967 3213 quum
1016 3118 1389 3191 acciderint
1424 3126 1863 3212 tempestates
1916 3140 2079 3212 quae
2110 3118 2206 3189 illi
2243 3121 2478 3192 noxiae
2505 3132 2696 3209 sunt,

603 3254 743 3315 tota
777 3242 1124 3315 vindemia
1163 3241 1546 3335 privabitur
1585 3266 1599 3311 ε
1669 3238 1843 3312 nihil
1885 3242 2291 3314 inviolatum
2346 3244 2473 3315 erit
2510 3245 2703 3337 quod

604 3370 864 3444 fructus
909 3368 1206 3461 perferre
1238 3366 1482 3460 possit3
1516 3366 1639 3439 sed
1673 3366 1731 3437 si
1765 3367 1931 3438 varii
1959 3367 2232 3458 generis
2261 3368 2490 3442 vineta
2526 3372 2707 3442 fece·-

601 3495 710 3581 rit,
757 3516 892 3566 non
924 3492 1242 3565 omnibus
1280 3514 1481 3585 aeque
1522 3491 1773 3562 vitibus
1822 3492 2167 3564 nocebunt
2204 3493 2474 3585 iujuriae-
2512 3494 2696 3582 coeki,

602 3630 668 3691 et
706 3615 978 3714 semper
1022 3617 1403 3690 subsidium
1456 3616 1740 3709 aliquod
1784 3616 1909 3690 erit
1963 3618 2055 3689 illi
2095 3618 2217 3711 qui
2264 3602 2698 3692 diversarum

602 3754 918 3815 notarum
976 3743 1222 3838 stirpes
1271 3740 1574 3818 habebit.
1633 3740 1833 3828 Quod
1883 3741 2163 3837 quidem
2213 3744 2706 3817 intellexerant

602 3868 916 3954 Romani,
958 3868 1468 3959 censebantque
1518 3867 1809 3961 plurium
1849 3888 2177 3957 generum
2215 3870 2391 3939 vites
2439 3869 2701 3941 haben·

602 3992 746 4062 das.
787 3991 929 4061 Nec
967 4000 1190 4060 tamen
1228 4010 1308 4059 ea
1337 4009 1542 4059 causa
1575 3988 2160 4082 compellebantur
2204 3990 2297 4062 ad
2332 3991 2584 4063 multas
2626 3991 2696 4062 in

602 4116 849 4187 eodem
896 4136 1064 4206 agro
1111 4115 1476 4186 varietates
1527 4137 1543 4180 :
1609 4115 1728 4186 sed
1783 4114 1976 4208 quod
2021 4115 2503 4205 judicaverant
2540 4117 2685 4189 exi·

603 4242 815 4312 mium
849 4261 1092 4331 genus,
1136 4240 1212 4309 id
1247 4248 1529 4330 quantae
1569 4247 1890 4333 poterant
1946 4239 2397 4311 multitudinis
2443 4241 2696 4316 efficie-
