2975 5159
1457 525 1846 599 ...7οψ

605 676 1144 770 aliquantulum,
1190 687 1260 749 et
1294 678 1666 751 utebantur
1707 701 1920 772 quum
1971 679 2089 753 diu
2143 699 2468 752 vasorum
2513 701 2696 753 com-

605 804 909 877 motione
946 803 1375 875 condituram
1398 804 1856 876 miscuissent.
1891 804 2118 897 Aliqui
2150 805 2306 877 vitis
2333 806 2703 880 arbustivae

608 930 809 1002 flores
846 929 1171 1001 collectos
1211 929 1284 1001 in
1325 931 1570 1001 umbra
1612 929 1871 1002 siccare
1907 932 2281 1017 amabant,
2323 929 2706 1021 diligentes-

607 1076 744 1149 que
789 1063 1029 1127 tunsos
1072 1065 1141 1127 et
1192 1064 1419 1128 cretos
1460 1055 1530 1125 in
1574 1065 1880 1127 mustum·
1910 1055 2354 1147 injiciebant:
2395 1056 2700 1127 nonnulli

608 1201 890 1275 quoque
938 1184 1181 1253 vinum
1218 1179 1395 1250 intra
1435 1201 1694 1274 paucos
1747 1180 1898 1253 dies
1948 1181 2184 1275 optimi
2241 1179 2474 1252 odoris
2526 1179 2700 1252 effici

609 1306 979 1400 putabant,
1048 1305 1106 1376 si
1157 1304 1392 1378 baccae
1438 1307 1643 1400 myrti
1723 1306 2012 1396 agrestis
2073 1306 2277 1377 siceae
2342 1314 2414 1377 et
2484 1318 2708 1377 tunsae

606 1433 1032 1504 mitterentur
1071 1432 1141 1502 in
1182 1431 1431 1504 cabum
1465 1431 1598 1527 (1).

610 1597 623 1608 ν
705 1559 920 1630 Erant
963 1569 1030 1629 et
1068 1557 1529 1630 medicamina
1568 1557 1822 1651 quibus
1854 1557 2095 1630 vinum
2134 1556 2530 1628 anniculum
2557 1558 2707 1627 totn-

611 1706 769 1777 gam
805 1684 1154 1755 simularet
1207 1693 1513 1755 aetatem.
1575 1682 1683 1755 Ad
1725 1683 1855 1754 hoc
1909 1679 2338 1755 efficiendum
2367 1736 2385 1772 ,
2429 1681 2709 1755 meliloti

615 1810 886 1881 unciam
950 1827 1189 1897 unam,
1249 1809 1704 1904 glycyrrhizae
1742 1806 1980 1879 uncias
2019 1819 2197 1895 tres,
2253 1807 2453 1878 nardi
2487 1806 2711 1878 celtici

615 1936 1087 2021 tantumdem,
1144 1935 1332 2007 aloes
1392 1935 1742 2029 hepatiees
1781 1935 2021 2006 uncias
2068 1934 2242 2005 duas
2296 1934 2712 2021 tundebant,

614 2070 683 2131 et
730 2081 945 2156 quum
1009 2061 1077 2130 in
1131 2060 1449 2131 sextariis
1507 2060 2022 2155 quinquaginta·
2061 2058 2534 2133 medicaminis
2575 2057 2716 2127 hu-

607 2187 722 2278 jus
790 2184 1173 2258 cochlearia
1232 2205 1350 2256 sex
1420 2186 2003 2273 immiscuissent,
2053 2201 2180 2259 vas
2233 2184 2583 2279 ponebant
2641 2183 2713 2253 in

619 2314 851 2384 sumo:
886 2312 1025 2383 Sed
1068 2312 1360 2383 similem
1402 2311 1493 2383 ad
1524 2332 1727 2381 usum
1775 2312 1888 2382 alii
1929 2312 2376 2385 medicamen
2424 2309 2717 2382 alterum

617 2438 1006 2524 habebant3
1072 2434 1407 2507 curabant
1470 2436 1656 2508 enim
1718 2437 2079 2533 amygdala
2138 2453 2408 2523 amara,
2475 2434 2718 2507 absin-

621 2562 879 2649 thium,
940 2561 1078 2655 pini
1125 2560 1432 2653 frugiferi
1476 2582 1783 2652 comam,
1839 2564 2096 2634 foenum
2133 2571 2436 2654 graecum
2469 2561 2721 2655 pariter

626 2686 915 2759 tundere
949 2696 1017 2757 et
1056 2686 1261 2777 hujus
1297 2687 1744 2759 confectionis
1792 2708 2003 2757 unum
2043 2686 2362 2782 cyathum
2413 2707 2533 2781 per
2583 2707 2722 2755 am-

625 2813 912 2907 phoram
975 2810 1244 2882 mittere
1311 2838 1342 2893 νε
1418 2822 1652 2907 postea
1705 2834 1915 2902 vero,
2001 2812 2059 2883 si
2115 2813 2298 2882 illam
2352 2810 2723 2883 sensissent

626 2947 1092 3033 peccaturam,
1147 2936 1347 3008 aloen
1376 2986 1395 3023 ,
1438 2936 1825 3032 myrrham,
1883 2956 2398 3029 crocomagma,
2456 2935 2722 3027 singula

628 3062 853 3134 modis
902 3061 1293 3155 aequalibus
1356 3069 1552 3131 tunsa
1607 3081 1766 3133 cum
1836 3063 2038 3134 melle
2104 3062 2428 3150 miscere,
2460 3070 2527 3132 et
2579 3081 2723 3131 uno

626 3187 874 3283 cyatho
915 3207 1125 3258 unam
1178 3185 1581 3281 amphoram
1631 3185 1914 3257 condire
1940 3184 2072 3282 (2).

726 3315 816 3384 At
852 3335 889 3383 e
940 3310 1283 3383 contrario
1347 3320 1649 3381 mustum
1694 3319 1770 3381 ut
1827 3332 2098 3406 semper
2146 3310 2348 3384 dulce
2400 3322 2728 3407 tanquam

628 3417 866 3511 recens
918 3443 1385 3532 permaneret,
1441 3434 1626 3506 hanc
1682 3435 2016 3509 rationem
2070 3437 2533 3529 sequebantur
2578 3464 2593 3506 :
2635 3437 2733 3512 de

716 3587 796 3666 (1)
827 3607 858 3645 ε(
875 3586 1023 3647 Cato
1043 3582 1223 3663 jubet
1239 3582 1376 3645 vina
1394 3582 1746 3646 concinnari
1774 3581 1915 3665 (hoc
1936 3583 2100 3645 enim
2120 3584 2315 3646 utitur
2335 3583 2539 3661 verbo)
2555 3584 2736 3647 cine-

629 3695 714 3759 ris
742 3690 934 3756 lixivii
963 3709 1105 3753 cnm
1134 3691 1380 3754 defruto
1409 3692 1570 3754 cocti
1612 3697 1788 3772 parte
1813 3689 2305 3773 quadragesima,
2335 3693 2400 3753 in
2430 3695 2686 3755 culeum
2713 3710 2733 3756 ε

634 3802 729 3864 vel
762 3799 905 3862 salis
940 3798 1329 3880 sesquilibra,
1370 3797 1625 3861 interirn
1650 3805 1712 3861 et
1743 3804 1883 3862 tuso
1923 3817 2252 3861 marmore.
2282 3800 2449 3866 Facit
2494 3807 2559 3864 et
2603 3801 2739 3865 sul-

636 3908 849 3989 phuris
879 3907 1282 3983 mentionem,
1317 3906 1541 3970 resinae
1571 3925 1715 3969 vero
1747 3907 1810 3968 in
1839 3906 2207 3970 novissimis,
2235 3929 2265 3966 υ
2290 3908 2445 3970 Plin.

614 4038 621 4043 ·
716 4013 799 4095 (2)
829 4015 982 4074 Tam
1010 4014 1209 4075 multa
1239 4010 1664 4075 medicaminis
1692 4030 1917 4091 genera
1949 4030 2072 4075 non
2115 4012 2404 4075 damnare
2449 4031 2573 4076 non
2614 4036 2742 4098 po-

636 4132 756 4190 test
780 4108 1034 4201 PliniuS,
1068 4131 1161 4201 et,
1197 4142 1387 4206 quum
1412 4127 1491 4186 de
1519 4124 1840 4187 conditura
1868 4124 2055 4187 musti
2080 4123 2261 4187 verba
2289 4122 2449 4196 fecit,
2487 4121 2584 4182 his
2604 4109 2747 4185 vei·-

637 4232 733 4294 bis
765 4230 1080 4293 concludit
1111 4229 1500 4292 exclamans:
1541 4250 1571 4289 a
1594 4233 1711 4293 Tot
1743 4230 2055 4294 veneficiis
2084 4230 2329 4311 placere
2355 4229 2643 4310 cogitur·
2679 4238 2750 4294 et

639 4339 935 4403 miramur
963 4335 1220 4402 noxium
1248 4340 1415 4399 esse!
1440 4358 1471 4395 η
2187 4358 2194 4362 ’
2274 4355 2278 4361 ·
