2975 5159
1090 536 1480 603 ...49-

251 705 333 753 ne
361 704 526 754 uvas
566 682 1020 773 destringeret
1063 683 1207 777 ipsa
1244 703 1492 754 manus
1542 678 2077 752 vindemiatoris.
2120 679 2337 750 Cellas

247 807 432 878 omni
470 799 765 879 stercore
807 806 1166 895 liberabat,
1219 817 1287 880 et
1323 809 1474 879 illas
1523 807 1800 902 myrrha
1835 804 2087 898 saepius
2133 804 2336 875 etiam

247 933 613 1005 suffiendas
634 953 782 1005 esse
818 943 1236 1028 praeceptum
1269 955 1312 1004 a
1350 931 1565 1004 Plinio
1597 930 2138 1024 (il.'l'orcularia
2174 951 2337 1001 vero

246 1064 311 1125 et
344 1056 485 1129 fora
517 1057 878 1149 diligenter
906 1059 1328 1131 emundabat
1361 1058 1799 1151 lavabatque‚
1832 1070 1900 1127 et
1937 1055 2225 1127 cavebat
2252 1077 2340 1126 ne

244 1180 607 1254 deficerent
648 1183 834 1275 ligna
884 1183 1137 1275 quibus
1192 1184 1538 1256 defrutum
1595 1192 1665 1255 et
1706 1202 1941 1275 sapam
1995 1181 2337 1274 decoque-

244 1316 365 1377 ret.
393 1307 562 1379 Tum
601 1310 808 1380 etiam
849 1310 946 1380 sal
976 1321 1043 1381 et
1081 1309 1561 1395 odoramenta,
1591 1307 1843 1400 quibus
1881 1305 2148 1378 condiri
2182 1305 2340 1376 vina

243 1431 574 1521 solebant,
609 1436 828 1507 multo
869 1444 1028 1506 ante
1054 1432 1594 1530 reponebantur.
1627 1430 1762 1504 Sed
1800 1431 1999 1502 doliis
2039 1441 2107 1502 et
2144 1429 2342 1501 seriis

241 1560 643 1653 eaeterisque
697 1561 882 1631 vasis
930 1559 1307 1632 maximam
1363 1580 1647 1653 operam
1703 1559 1937 1644 dabat,
2004 1567 2071 1628 et
2126 1579 2339 1648 quum

241 1694 465 1753 essent
526 1682 799 1755 illorum
846 1685 986 1756 duo
1031 1705 1313 1778 genera,
1356 1685 1491 1756 alia
1550 1705 1712 1777 quae
1759 1663 2344 1796 demergebantur

241 1801 454 1894 humi,
496 1809 631 1879 alia
662 1831 825 1902 quae
873 1810 1146 1881 stabant
1201 1832 1407 1903 supra
1455 1820 1733 1894 terram,
1769 1828 1904 1878 non
1943 1789 2082 1878 uno
2112 1818 2178 1878 et
2219 1830 2337 1879 eo-

239 1929 394 2003 dem
436 1933 651 2004 modo
699 1934 1105 2027 picabantur
1139 1935 1393 2005 omnia.
1438 1935 1614 2004 Nam
1660 1956 1738 2005 ea
1779 1955 1941 2027 quae
1974 1912 2342 2024 demerge-

238 2055 491 2129 bantur
530 2058 815 2130 fundum
855 2060 1075 2131 multo
1111 2060 1580 2152 angustiorem
1622 2057 1996 2145 habebant,
2037 2080 2163 2130 nec
2202 2069 2341 2129 tam

236 2183 432 2256 facile
488 2206 698 2278 quam
757 2208 839 2257 ea
890 2208 1049 2278 quae
1113 2186 1388 2257 stabant
1438 2185 1881 2256 curabantur.
1940 2185 2106 2255 Haec
2159 2185 2342 2255 enim

238 2317 501 2381 tantum
536 2309 608 2380 in
634 2312 827 2383 labra
875 2307 1319 2384 convertebat
1356 2311 1641 2398 vinitor,
1677 2311 2143 2402 subjectisque
2173 2311 2348 2405 lapi-

235 2431 434 2507 dibus
473 2436 970 2529 suspendebat,
1006 2447 1076 2508 et
1108 2436 1269 2528 igne
1307 2437 1593 2507 incenso
1632 2435 1929 2506 calorem
1958 2434 2353 2506 vehemen-

238 2567 367 2632 tem
393 2583 625 2656 usque
648 2560 734 2631 ad
765 2562 1053 2632 fundum
1078 2561 1387 2633 celeriter
1406 2561 1817 2632 inducebat:
1847 2560 2067 2654 picem
2088 2560 2340 2632 deiude
2407 2623 2416 2630 .

232 2684 620 2759 ferventem
647 2686 995 2773 versabat,
1040 2683 1349 2779 doliique
1395 2688 1462 2757 in
1507 2698 1756 2757 terram
1796 2685 2077 2757 demissi
2099 2706 2341 2756 omnes

231 2819 461 2902 partes
505 2810 880 2883 volutando
917 2810 1193 2881 linebat.
1237 2811 1355 2881 Illa
1392 2831 1590 2898 vero,
1621 2810 1875 2902 quibus
1912 2822 2058 2881 erat
2089 2832 2345 2902 angus-

230 2932 357 3006 tior
397 2934 684 3020 fundus»,
728 2935 890 3027 quia
926 2956 1065 3005 non
1103 2934 1422 3006 sinebant
1445 2944 1582 3005 tam
1614 2935 1923 3006 celeriter
1958 2935 2188 3006 induci
2223 2957 2346 3007 ca·

230 3056 442 3131 lorem
477 3071 685 3153 atque
720 3062 967 3154 picem,
1004 3061 1239 3132 ferreis
1278 3059 1713 3154 lampadibus
1742 3060 2143 3131 ardentibus
2169 3061 2347 3132 cale-

228 3181 500 3255 fiebant
542 3194 608 3255 et
655 3197 886 3278 postea
940 3185 1261 3256 rutabulo
1312 3198 1521 3276 atque
1567 3186 1850 3279 scopula
1904 3185 2336 3276 picabantur.

226 3307 366 3381 Sed
410 3310 544 3380 iste
581 3309 776 3380 labor
814 3309 925 3382 die
970 3309 1239 3403 placido
1273 3308 1485 3380 fiebat
1519 3331 1607 3379 ne
1648 3310 1971 3381 caleiacta
2018 3330 2181 3382 vasa
2229 3332 2343 3380 su·-

225 3430 372 3505 bito
409 3443 780 3505 ventorum
810 3433 977 3506 ssat-u
1018 3445 1523 3527 rumperentur.

322 3558 550 3650 Igitur
581 3560 732 3652 pice
766 3579 1119 3651 nunquam
1149 3558 1481 3630 carebant
1505 3556 1858 3644 vinitores»,
1901 3558 2343 3652 brutiamque

221 3684 455 3778 picem
505 3684 788 3756 maximi
840 3685 1063 3756 facere
1100 3683 1436 3770 solebant,
1475 3705 1617 3753 non
1667 3657 2085 3775 dubitanteS,
2132 3696 2208 3756 ut
2247 3687 2346 3756 ait

222 3807 632 3897 Columella,
681 3837 716 3872 α
754 3782 922 3902 quin
965 3807 1023 3878 si
1077 3808 1316 3901 quinta
1356 3830 1514 3902 pars
1555 3803 1723 3901 picis
1766 3808 2008 3879 brutiae
2066 3810 2138 3881 in
2183 3811 2341 3882 uni-

221 3955 508 4005 versam
559 3944 904 4005 cocturam
943 3932 1377 4024 adjiceretur,
1437 3932 1866 4003 utilissimum
1915 3944 2097 4006 esset
2150 3939 2347 4009 omni

224 4058 640 4138 vindemiae.
697 4088 730 4123 22
784 4060 1117 4132 Caeterum
1176 4058 1248 4130 in
1300 4058 1502 4129 doliis
1563 4057 1875 4151 picandis
1923 4059 2034 4131 bic
2094 4064 2343 4135 modus

124 4191 137 4202 ’
222 4196 413 4271 erat,
443 4192 518 4253 ut
547 4182 810 4252 dolium
841 4184 1297 4253 ducentorum
1329 4182 1731 4273 congiorum
1759 4184 2124 4257 duodecim
2155 4186 2341 4259 libris

311 4324 402 4402 (1)
440 4321 621 4398 Plin.,
653 4322 807 4399 XIV,
841 4319 942 4384 21.

2070 4451 2097 4496 4
