2975 5159
1531 533 1921 602 ...28—

659 692 738 753 ut
786 692 1334 777 compesceretur
1378 683 1529 777 ipsa
1577 683 1766 771 vitis,
1808 683 1918 756 vel
1969 682 2265 773 longius,
2305 682 2377 751 in
2418 681 2576 753 solo
2609 680 2761 775 pin-

660 807 805 898 gui,
864 807 1464 902 promittebantur,
1518 818 1593 880 ut
1649 809 1809 882 laxe
1863 809 2044 879 vites
2095 806 2391 879 diffundi
2446 816 2752 901 possent.

661 931 1033 1025 pinguibus
1064 933 1132 1003 in
1181 933 1343 1004 locis
1378 942 1537 1005 octo
1579 931 1791 1027 pedes
1829 955 1867 1002 a
1910 941 2090 1003 terra
2131 932 2284 1003 ‘sine
2321 951 2516 1003 ramo
2553 931 2757 1003 relin-

661 1058 919 1150 quebat
955 1058 1280 1152 agricola,
1312 1060 1434 1129 'vel
1469 1057 1541 1130 in
1581 1080 1751 1132 arvo
1790 1058 2028 1150 gracili
2066 1067 2327 1153 septem
2357 1058 2566 1153 pedes
2604 1055 2751 1152 (ηε

662 1192 733 1254 at
767 1206 975 1278 supra
1023 1183 1159 1255 hoc
1182 1184 1477 1279 spatium
1516 1183 1786 1256 arboris
1816 1183 2171 1256 circuitum
2226 1184 2299 1254 in
2352 1192 2495 1255 tres
2532 1191 2762 1275 partes

661 1308 1041 1397 dividebat,
1064 1309 1419 1404 tribusque
1440 1310 1767 1383 lateribus
1795 1309 2107 1402 singulos
2141 1330 2371 1382 ramos
2401 1307 2762 1381 submitte-

661 1434 780 1506 bat
816 1436 935 1528 qui
972 1437 1194 1530 primo
1238 1436 1544 1507 tabulato
1578 1436 2108 1529 assignarentur.
2145 1436 2476 1507 Tabulata
2525 1442 2762 1505 autem

661 1560 836 1631 inter
863 1581 937 1630 se
974 1581 1113 1632 non
1170 1560 1394 1632 minus
1444 1561 1995 1655 ternis-pedibus
2038 1561 2352 1652 aberant,
2392 1569 2460 1632 et
2503 1561 2761 1631 forma-

662 1684 912 1757 bantur
941 1687 1284 1758 ulmorum
1311 1681 1482 1759 rami
1515 1708 1603 1759 ne
1627 1688 1797 1759 alter
1824 1688 1954 1758 sub
1989 1688 2266 1759 alterius
2305 1686 2485 1758 linea
2516 1685 2764 1778 dirige·

662 1816 873 1897 retur,
923 1793 1083 1902 quia
1130 1807 1503 1881 demissum
1541 1831 1631 1883 ex
1678 1811 2027 1905 superiore
2084 1810 2437 1905 palmitem
2476 1811 2760 1883 inferior

662 1933 1030 2006 attrivisset
1059 1934 1585 2026 germinantem.
1613 1933 1852 2005 Ternis
1879 1933 2086 2027 igitur
2113 1934 2406 2029 pedibus
2429 1955 2765 2031 superpo-

660 2057 808 2128 sitis
846 2077 1072 2130 ramos
1097 2059 1347 2132 iterum
1401 2072 1608 2153 atque
1634 2059 1876 2131 iterum
1934 2058 2382 2132 submittebat
2423 2060 2754 2152 agricola,

659 2190 731 2253 et
758 2182 1011 2256 ‚eadem
1067 2184 1331 2256 ratione
1385 2206 1607 2279 usque
1649 2184 1722 2256 in
1773 2203 2103 2256 cacumen
2136 2184 2504 2257 ordinabat
2545 2185 2757 2257 arbo·-

661 2327 833 2378 rem.
2037 2375 2046 2384 .

704 2419 711 2424 ’
759 2433 1073 2526 Singulis
1112 2433 1475 2507 arboribus
1536 2435 1750 2509 denas
1816 2455 2003 2530 saepe
2064 2434 2506 2508 adnutriebat
2558 2435 2762 2523 vitea,

664 2581 1016 2652 nunquam
1061 2559 1285 2632 minus
1328 2564 1540 2633 ternis
1575 2592 1592 2634 ε
1638 2571 1707 2634 et
1733 2562 1871 2633 'has
1898 2581 2163 2649 omnes,
2202 2571 2569 2655 antequam
2609 2583 2764 2634 om-

662 2685 828 2754 nino
870 2686 1388 2779 praevalesceret
1421 2688 1670 2772 ulmus,
1722 2686 2153 2759 conserebat.
2207 2687 2380 2757 Nam
2429 2685 2521 2755 ait
2558 2688 2765 2759 Colu-

666 2810 861 2880 mella
911 2836 927 2879 z
975 2839 1009 2874 «
1064 2809 1134 2881 Si
1193 2824 1501 2884 teneram
1552 2813 1812 2884 ulmum
1867 2812 2324 2900 maritaveriS,
2384 2833 2561 2883 onus
2612 2814 2762 2904 jam

668 2963 703 2999 α
748 2955 886 3006 non
926 2935 1209 3009 sufferet
1252 2961 1269 3005 τ
1314 2937 1370 3009 si
1414 2947 1710 3011 vetuslae
1768 2938 1976 3009 vitem
2036 2936 2464 3033 applicueriS,
2521 2940 2767 3029 conju-

670 3085 705 3122 «
747 3081 902 3151 gem
933 3062 1222 3134 necabit.
1258 3053 1361 3133 Ita
1396 3083 1728 3157 suppares
1760 3082 1909 3135 esse
1934 3071 2139 3135 aetate
2161 3070 2230 3133 et
2265 3061 2529 3133 viribus
2566 3064 2769 3136 arbo-

668 3213 703 3249 «
750 3205 860 3256 res
895 3183 1209 3280 vitesque
1240 3190 1591 3260 convenit.
1643 3218 1675 3254 n
1713 3191 1825 3275 At,
1865 3198 1939 3259 ut
1993 3198 2406 3275 consereret,
2445 3188 2765 3260 scrobem

662 3310 954 3383 faciebat
982 3312 1483 3407 tripedaneam,
1528 3324 1594 3385 et
1625 3314 1694 3384 in
1728 3313 1971 3388 scrobe
2000 3313 2211 3384 vilem
2246 3314 2334 3384 ab
2356 3314 2605 3385 arbore
2636 3336 2767 3387 sua

663 3438 1120 3531 sesquipedali
1160 3439 1383 3533 spatio
1448 3440 1840 3535 separabat,
1875 3459 1964 3510 ne
2007 3438 2166 3512 vitis
2207 3437 2497 3510 multum
2529 3441 2767 3514 arbori

663 3561 969 3653 subjecta
1022 3563 1197 3633 illius
1233 3562 1662 3636 incremento
1703 3554 2209 3657 opprimeretur
2253 3590 2270 3634 ε
2320 3592 2355 3628 α
2405 3564 2619 3655 Vites,
2670 3565 2773 3639 ait

664 3688 800 3773 ille,
847 3686 918 3757 in
952 3689 1191 3759 ultimo
1238 3689 1481 3761 scrobe
1527 3689 1778 3783 deponi
1820 3697 2117 3781 oportet,
2160 3688 2624 3783 materiasque
2647 3705 2771 3762 ea-

671 3833 823 3881 rum
853 3834 971 3905 per
1004 3801 1319 3885 scrobem
1348 3814 1634 3909 porrigi,
1670 3813 1922 3885 deinde
1949 3813 2033 3883 ad
2072 3814 2386 3886 arborem
2428 3814 2623 3905 erigi,
2667 3826 2771 3886 at-

665 3954 803 4026 que
840 3936 928 4005 ab
965 3936 1209 4028 injuria
1254 3938 1520 4031 pecoris
1558 3924 1784 4009 caveis
1831 3935 2168 4024 emuniri3
2214 3965 2245 4001 n
2297 3956 2523 4030 neque
2572 3937 2775 4008 dissi-

670 4060 850 4130 milia
911 4061 1201 4153 legimus
1263 4062 1446 4156 apud
1505 4062 1799 4133 Plinium
1860 4089 1876 4131 t
1942 4090 1976 4126 α
2053 4062 2293 4134 Serere
2360 4061 2772 4155 tripedaneo

697 4278 704 4283 .
750 4227 833 4306 (1)
868 4246 905 4284 ,α
926 4226 1097 4287 Loco
1125 4222 1336 4305 pingui
1376 4221 1580 4286 ulmus
1619 4242 1659 4286 a
1688 4231 1853 4287 terra
1881 4226 2021 4285 octo
2049 4220 2331 4303 pedibus,
2372 4222 2588 4303 gracili
2612 4243 2776 4290 vero

667 4339 906 4413 septem
937 4330 1070 4394 sine
1095 4348 1270 4400 ramo
1291 4330 1832 4412 relinquendaest.
1869 4352 1899 4390 »
1929 4329 2294 4406 Pallad,111,·
2324 4333 2425 4397 13.
