2975 5159
1181 494 1562 562 ...35-

303 654 370 718 et
393 645 703 729 Cale'nm
756 657 824 719 et
854 643 1205 717 Fundana
1230 644 1665 740 quaeamicis
1711 643 2101 738 promittere
2142 643 2411 717 solebat

303 772 598 843 invitans
625 770 953 843 Martialis
997 800 1016 842 z
2287 768 2296 774 ’

535 945 683 1008 Haec
708 943 1004 1008 Fundana
1036 944 1180 1007 tulit
1209 943 1355 1006 felix
1383 947 1719 1007 autumnus
1749 941 1955 1025 Opimi
1974 964 2022 1022 3·

602 1052 919 1136 Expressit
942 1056 1217 1116 mustum
1244 1052 1486 1129 consul,
1521 1057 1585 1114 et
1617 1051 1746 1134 ipse
1773 1049 1981 1131 bibet;

304 1227 373 1289 et
393 1220 718 1305 Statana,
751 1237 911 1308 quae
930 1214 1234 1286 Falernis
1266 1215 1715 1299 contermina,
1751 1214 1840 1285 ab
1868 1211 1981 1284 his
2015 1235 2160 1290 non
2198 1213 2409 1305 longo

303 1342 663 1413 intervallo
691 1341 1053 1412 abfuerant
1090 1340 1280 1430 olim,
1325 1348 1402 1410 ut
1435 1340 1640 1410 refert
1681 1338 1947 1410 Plinius
1977 1336 2108 1433 (1),
2144 1339 2407 1431 palam·

303 1488 439 1561 que
471 1466 768 1539 fecerant
817 1487 941 1536 sua
991 1465 1380 1559 quibusque
1419 1464 1616 1535 terris
1654 1474 1957 1557 tempora
2002 1483 2173 1549 esse,
2233 1463 2410 1533 sicut

299 1615 526 1665 rerum
554 1599 933 1687 proventus
958 1611 1420 1683 occasusque3
1459 1592 1912 1670 Mamertina,
1946 1588 2123 1660 circa
2145 1590 2412 1661 Messa

302 1740 461 1790 nam
496 1719 563 1789 in
608 1716 834 1789 Sicilia
870 1716 1127 1810 genita,
1171 1737 1332 1810 quae
1372 1715 1490 1788 diu
1516 1727 1792 1788 servata
1826 1715 2164 1787 maximas
2190 1716 2406 1787 virtu-

303 1855 404 1919 tes
431 1845 878 1942 acquirebant
903 1853 969 1916 et
1002 1843 1436 1916 habebantur
1472 1844 1654 1914 inter
1688 1842 2159 1930 celeberrima,
2208 1842 2403 1938 quod

304 1971 609 2043 indicant
640 1970 792 2044 haec
833 1968 1157 2040 Martialis
1195 1993 1214 2038 z
2399 1987 2403 1992 ·

525 2145 845 2227 Amphora
869 2150 1147 2210 nestorea
1166 2144 1291 2218 ‚tihi
1324 2145 1689 2210 Mamertina
1707 2151 1962 2210 senecta

606 2251 672 2317 Si
694 2253 892 2328 detur,
927 2252 1188 2334 quodvis
1215 2269 1444 2345 nomen
1468 2251 1694 2316 habere
1724 2259 1926 2334 potest
1952 2253 2065 2334 (ἧς

304 2429 370 2493 et
394 2421 465 2492 in
511 2418 752 2492 eadem
796 2416 1015 2489 Sicilia
1076 2419 1724 2488 Tauromim’tanum
1749 2473 1767 2505 ,
1826 2440 1949 2512 pro
1990 2419 2397 2490 Mamertino

304 2545 705 2638 plerumque
742 2541 1093 2613 subditum
1122 2541 1314 2631 olim,
1358 2554 1596 2614 nostro
1634 2565 1818 2614 nunc
1851 2543 2054 2615 etiam
2089 2553 2397 2639 tempore

306 2668 703 2764 pretiosum.
1361 2741 1368 2745 ,

407 2792 580 2877 Quid
617 2801 844 2863 autem
895 2788 983 2861 de
1032 2788 1357 2861 Falerno?
1393 2790 1597 2880 Cujus
1639 2801 1823 2863 tanta
1865 2792 1990 2863 fuit
2028 2794 2397 2865 auctoritas

304 2925 381 2987 ut
415 2915 588 2987 illius
622 2914 857 2986 laudes
886 2934 1281 3007 nomenque
1323 2914 1713 2990 immortale
1747 2915 1853 3013 (3)
1895 2918 2397 2990 celebraverint

307 3040 470 3113 olim
528 3061 769 3112 omnes
817 3049 1067 3134 poetae,
1126 3048 1332 3132 atque
1372 3038 1442 3111 in
1486 3041 1858 3113 maximam
1902 3042 2191 3132 gratiam
2253 3065 2389 3114 non

309 3173 563 3236 tantum
594 3164 776 3257 apud
809 3167 1155 3234 Romanos
1186 3163 1311 3235 sed
1335 3164 1540 3235 etiam
1573 3165 1760 3258 apud
1791 3164 2068 3237 Graecos
2096 3176 2165 3237 et
2187 3171 2392 3239 'caete-¹

309 3310 421 3360 ras
470 3301 700 3376 gentes
761 3284 1063 3359 venerit!
1124 3288 1326 3373 Quod
1390 3290 1668 3383 quidem
1725 3289 2133 3385 praeclarum
2192 3293 2392 3366 nobis

311 3412 565 3505 praebet
614 3423 1115 3504 argumentum,
1174 3424 1440 3505 quanta
1505 3414 1588 3484 sil
1645 3416 1965 3510 temporis
2015 3436 2098 3486 ac
2162 3439 2392 3487 rerum

307 3548 700 3608 cunctarum
739 3536 1157 3622 vicissitudo,
1201 3538 1529 3629 quoniam
1562 3561 1654 3610 ex
1682 3551 1873 3611 tanta
1911 3540 2269 3613 nobilitate
2302 3543 2391 3612 ad

309 3661 487 3731 hanc
513 3683 726 3755 usque
753 3669 1025 3734 aetatem
1067 3661 1187 3730 vix
1223 3662 1484 3754 aliquid
1529 3663 1909 3753 retinuerit,
1958 3674 2026 3737 et
2058 3665 2285 3756 nobis,
2329 3667 2387 3737 si

306 3806 717 3877 cognoscere
745 3784 1064 3855 volumus
1093 3783 1159 3855 in
1198 3807 1338 3879 qua
1363 3799 1558 3881 parte
1596 3797 1929 3859 terrarum
1971 3802 2386 3881 nasceretur,

394 3944 477 4025 (ι)
501 3944 671 4022 run„
704 3945 812 4008 nb.
842 3946 1052 4018 xxm,
1081 3947 1180 4006 12.
1217 3988 1224 3996 .
2387 3913 2396 3918 ’

394 4049 941 4133 (2)Mar1.Ep2·9r.,
980 4052 1132 4126 xm,
1166 4054 1309 4129 1173
1347 4052 1522 4118 conf.
1567 4055 1818 4134 Athen„
1857 4059 1903 4134 1,
1931 4060 2044 4135 εις
2076 4041 2388 4134 ῡῑοεοοιζ,

308 4159 386 4235 V,
423 4161 482 4219 7.
1685 4210 1696 4218 ‚

401 4262 480 4348 (3)
510 4264 905 4327 «Immortale
935 4266 1301 4328 Falernum»
1335 4266 1487 4333 dicit
1512 4270 2113 4355 Manialis‚Epi9r.‚
2145 4275 2247 4348 IX,
2279 4275 2381 4335 95.
2437 4327 2444 4334 .

1891 5113 1902 5114 a
1965 5112 1976 5114 -
1991 5101 2563 5115 —ffl„ffl.————.-
