2975 5159
1419 491 1806 561 ...64-

666 645 978 714 Passum
1004 641 1338 737 optimum
1373 641 1473 714 sic
1501 643 1652 714 fieri
1689 643 2129 738 praecipiebat
2165 639 2373 736 Mago
2416 667 2432 712 ε
2469 665 2680 714 uvam

570 768 904 861 integram
921 769 1172 860 legere,
1191 766 1391 839 acina
1403 780 1720 862 corrupta
1740 790 2031 862 purgare
2048 779 2115 839 et
2129 789 2508 855 secernere,
2527 789 2684 863 pos·

572 904 679 965 tea
706 893 774 963 in
801 893 1074 988 perticis
1092 891 1540 988 suspendere,
1568 904 1634 965 et
1657 916 1777 989 per
1802 903 2064 982 nocteS,
2087 914 2173 965 ne
2191 893 2674 982 irrorarentur,

570 1029 799 1109 tegere
826 1042 843 1088 ε
875 1040 1089 1112 quum
1117 1018 1369 1091 deinde
1402 1031 1767 1110 corrugata
1797 1028 2024 1090 essent
2058 1017 2284 1105 acina,
2314 1017 2683 1112 decerpere

571 1153 639 1213 et
673 1141 740 1212 in
764 1139 1019 1214 dolium
1051 1142 1197 1215 sine
1233 1142 1595 1215 sarmentis
1623 1144 1948 1234 dejicere,
1985 1143 2486 1236 excellentique
2510 1142 2681 1215 vino

569 1267 994 1340 madefacere
1027 1268 1248 1340 donec
1282 1267 1819 1341 intumescerent
1859 1291 1875 1339 ε
1916 1280 2056 1340 tum
2089 1269 2159 1339 in
2188 1268 2510 1340 fiscellam
2532 1269 2679 1339 col·-
2778 1309 2784 1314 ·

570 1393 704 1464 lata
722 1395 912 1488 prelo
932 1413 1257 1486 premere.
1280 1393 1488 1479 Quod
1507 1395 1686 1488 passi
1714 1416 1935 1487 genus
1965 1393 2250 1465 omnino
2274 1393 2517 1488 probat
2536 1391 2682 1463 Pli-

570 1507 726 1579 nius
769 1535 785 1579 :
828 1536 862 1572 α
918 1508 1422 1600 Diligentiores,
1462 1510 1581 1600 ait,
1633 1511 1902 1582 siccatis
1944 1509 2181 1580 acinos
2215 1509 2565 1598 eximunt,
2596 1530 2682 1580 ac

568 1632 719 1705 sine
765 1634 1128 1705 sarmentis
1172 1634 1597 1707 madefactos
1651 1635 1818 1708 vino
1863 1633 2255 1720 excellenti,
2307 1635 2527 1706 donec
2569 1633 2682 1705 in·

571 1767 977 1847 tumescant,
1026 1769 1391 1854 premunt:
1427 1771 1497 1833 et
1542 1760 1679 1832 hoc
1727 1781 1948 1853 genus
2021 1770 2178 1832 ante
2233 1771 2475 1831 caetera
2525 1761 2677 1830 lau·

569 1883 739 1955 dant
786 1886 920 1980 (1).
964 1912 999 1949 n
1032 1884 1168 1958 Sed
1205 1885 1402 1957 aliter
1442 1907 1716 1980 passum
1754 1885 2092 1958 faciebant
2118 1886 2428 1958 nonnulli
2464 1911 2481 1956 ε
2516 1905 2677 1956 nam

572 2012 773 2083 acina
794 2011 863 2080 in
885 2009 1146 2082 dolium
1176 2011 1481 2102 conjecta
1518 2011 1810 2106 pedibus
1832 2012 2209 2096 calcabant,
2233 2011 2433 2082 etnbi
2467 2034 2681 2082 unum
2800 2065 2814 2092 ‚

572 2136 952 2209 tabulatum
982 2136 1307 2225 fecerant,
1337 2137 1574 2207 vinum
1596 2147 1795 2208 vetus
1821 2135 2258 2231 spargebant,
2292 2136 2539 2208 iterum
2559 2137 2681 2209 de·

571 2260 732 2333 inde
767 2271 974 2353 atque
1007 2261 1250 2333 iterum
1277 2262 1868 2356 supet-calcabant,
1891 2274 1961 2333 et
1983 2261 2215 2333 vinum
2239 2262 2329 2333 ita
2358 2262 2679 2333 infunde·

568 2386 738 2458 bant
775 2399 850 2457 ut
884 2397 1409 2482 supernatarent
1434 2409 1622 2475 uvae,
1658 2408 1845 2481 quae,
1880 2399 2030 2482 post
2062 2387 2243 2460 diem
2265 2388 2676 2480 quintumin

572 2511 809 2583 fiscina
831 2510 1192 2606 depositae,
1218 2523 1566 2608 postremo
1604 2513 2116 2608 premebantur.
2141 2513 2433 2599 Quidam
2466 2514 2672 2586 etiam

570 2638 657 2710 ad
705 2637 894 2709 hunc
930 2659 1127 2709 usum
1162 2638 1539 2711 servabant
1572 2640 1921 2711 coelestem
1970 2660 2248 2733 aquam,
2299 2650 2375 2709 ut
2401 2638 2491 2711 ad
2539 2650 2676 2712 ter·

573 2761 701 2834 tias
735 2762 1093 2836 decoctam
1139 2784 1295 2835 eam
1330 2786 1463 2858 pro
1512 2767 1675 2836 vino
1726 2773 2165 2860 spargerent3
2206 2775 2274 2836 et
2316 2764 2499 2838 hunc
2544 2766 2675 2837 ad·-

569 2887 1005 2959 ministrandi
1050 2889 1329 2960 modum
1383 2890 1750 2961 Columella
1810 2892 2113 2961 referens
2168 2911 2309 2961 nou
2356 2889 2668 2979 damnat,

571 3014 898 3107 quoniam
950 3014 1055 3085 bis
1075 3014 1310 3087 verbis
1339 3015 1727 3087 concludit:
1761 3043 1794 3080 α
1823 3015 1974 3087 Hoc
2012 3015 2129 3087 ubi
2165 3015 2506 3109 lignorum
2548 3038 2674 3088 co·

573 3138 686 3232 pia
750 3150 887 3229 est,
928 3138 1262 3210 vilissime
1319 3151 1613 3225 constat,
1660 3150 1728 3211 et
1782 3124 2004 3211 est'iu
2062 3162 2193 3211 usu
2238 3141 2353 3211 vel
2402 3141 2675 3213 dulcius

572 3285 778 3356 quam
802 3263 1201 3358 superiores
1230 3273 1408 3334 notae
1442 3263 1623 3358 passi
1654 3265 1783 3359 (2).
1809 3294 1844 3329 ω
1872 3264 2009 3336 Sed
2032 3265 2104 3336 in
2131 3264 2264 3337 hac
2294 3266 2677 3359 quaestione

573 3388 834 3458 Plinius
861 3408 903 3458 a
934 3386 1314 3460 Columella
1349 3387 1719 3460 dissentire
1744 3388 1949 3460 nobis
1974 3389 2274 3478 videtur,
2302 3403 2368 3463 et
2392 3414 2673 3486 passum

573 3511 760 3584 istud
825 3512 1014 3607 quod
1073 3535 1255 3606 aqua
1291 3524 1573 3608 paratur
1616 3513 2095 3587 secundarium
2140 3526 2376 3608 vocat3
2421 3517 2675 3588 etenim

572 3638 718 3709 haec
753 3659 893 3709 non
924 3637 1135 3710 dubia
1159 3638 1395 3710 scribit
1434 3664 1450 3708 2
1485 3666 1520 3703 ιι
1549 3638 1835 3724 Deinde,
1867 3650 2200 3734 quantum
2234 3664 2667 3735 expressere,

572 3761 904 3854 adjiciunt
950 3762 1250 3836 vinaceis
1304 3784 1510 3858 aquae
1559 3773 1917 3859 puteanae,
1951 3776 2026 3836 ut
2071 3777 2140 3838 et
2183 3766 2670 3840 secundarium

573 3946 817 4021 partem
847 3958 1155 4002 mensurae
1182 3939 1479 4003 decocto:
1506 3940 1676 4020 quod
1708 3939 1815 4002 ubi
1839 3939 2075 4002 factum
2102 3942 2184 4002 ad
2207 3939 2531 4004 dimidiam
2553 3947 2667 4019 est,

572 4046 879 4114 defrutum
904 4063 1217 4109 vocamus
1256 4067 1289 4104 n
1322 4046 1474 4108 Plin.
1504 4047 1659 4120 XIV,
1691 4050 1751 4109 9.

657 4155 737 4233 (1)
774 4153 947 4217 Conf.
979 4152 1243 4230 Colum„
1269 4154 1396 4228 XII,
1427 4154 1528 4229 39,
1561 4157 1621 4214 et
1645 4150 1827 4230 Ptin„
1858 4152 1948 4216 id.

664 4261 747 4344 (ἃ)
775 4261 1040 4335 Colum„
1071 4260 1161 4323 id.
