2975 5159
1454 459 1846 530 ...88-

593 632 742 684 cem
801 611 992 705 potui
1048 610 1372 686 idoneum
1423 632 1577 684 esse
1621 611 2040 702 credebant,
2090 621 2156 684 et
2199 633 2242 684 a
2294 612 2683 706 quindecim

593 759 819 832 usque
859 735 950 809 ad
984 736 1225 829 viginti
1262 759 1486 809 annos
1519 738 1781 831 vigere.
1833 739 2154 812 Horatius
2178 794 2197 828 ,
2239 759 2445 832 quem
2485 739 2675 831 juva-

593 862 715 957 bat
732 861 973 934 vinum
993 884 1205 955 quam
1228 863 1535 935 maxime
1551 875 1778 952 vetus,
1799 864 1870 935 in
1894 864 2195 938 carmine
2212 865 2682 951 celeberrimo,

980 1026 1028 1089 Ο
1056 1032 1201 1090 nata
1226 1043 1480 1090 meeum
1511 1027 1767 1091 consule
1792 1026 2020 1090 Manlio
2047 1027 2127 1108 (1)
2140 1073 2162 1105 ,

599 1172 850 1245 veteris
883 1174 1285 1269 amphoram
1317 1173 1589 1247 Massici
1623 1176 2087 1262 commendat,
2130 1181 2266 1247 tres
2302 1185 2370 1248 et
2419 1176 2694 1268 triginta

597 1319 821 1371 annos
853 1299 1023 1371 nati.
1069 1298 1295 1394 Atque
1334 1301 1535 1372 etiam
1571 1301 1959 1373 Macrobius
1999 1302 2201 1373 refert
2227 1298 2332 1394 (2)
2353 1299 2696 1372 Ciceronis

600 1422 886 1512 dictum,
930 1424 1053 1516 qui
1099 1445 1313 1519 quum
1357 1425 1547 1519 apud
1594 1425 2081 1520 Damasippum
2117 1435 2459 1514 coenaret,
2513 1447 2595 1497 ac
2640 1428 2695 1497 is

600 1547 884 1638 diceret,
937 1546 1160 1619 Be'bile
1192 1547 1327 1618 hoc
1367 1549 1780 1640 Falernum,
1829 1571 2175 1619 annorum
2223 1548 2694 1649 quadraginta

596 1686 728 1758 est,
750 1673 1130 1767 respondit,
1159 1677 1348 1742 Bene
1378 1687 1659 1744 aetatem
1674 1671 1854 1769 fert,
1890 1672 2282 1766 significans
2297 1697 2696 1769 quanquam

598 1798 810 1887 longa
848 1808 1026 1869 esset
1056 1808 1261 1870 aetate
1300 1798 1527 1870 adhuc
1563 1799 2137 1873 robustissimum.
2181 1801 2291 1873 Sic
2330 1802 2538 1894 igitur
2571 1825 2698 1896 per

598 1924 877 2014 triginta
931 1933 1001 1994 et
1045 1923 1505 2017 quadraginta
1542 1943 1763 1996 annos
1811 1926 2070 1997 servari
2113 1935 2384 2019 poterat
2419 1926 2555 1999 hoe
2596 1928 2698 1999 vi·

600 2069 792 2136 num,
822 2060 893 2120 et
929 2048 997 2119 in
1039 2048 1154 2119 iila
1202 2046 1555 2121 senectute
1592 2051 1949 2120 robustum
1995 2050 2222 2122 adhuc
2263 2051 2507 2123 videri.
2575 2052 2694 2123 At-

604 2180 834 2243 tamen
895 2173 1291 2268 priusquam
1362 2175 1450 2245 ad
1503 2174 1682 2245 hane
1730 2182 2003 2246 aetatem
2057 2176 2497 2268 pervenisset,
2549 2199 2700 2271 per-

603 2317 790 2390 saepe
837 2298 987 2370 sine
1035 2299 1247 2370 dubio
1308 2300 1897 2393 corrumpebatur,
1933 2308 2004 2370 et
2043 2299 2275 2370 Galerii
2312 2300 2532 2389 illins,
2580 2302 2698 2393 qui

605 2420 879 2493 dicebat
914 2410 1391 2516 a‘quindecim
1434 2444 1661 2518 usque
1698 2423 1786 2494 ad
1814 2422 2054 2515 viginti
2090 2445 2302 2494 annos
2336 2423 2695 2496 Falernum

606 2547 866 2636 vigere,
905 2549 1298 2645 opinionem
1361 2571 1403 2620 a
1442 2549 1645 2619 nobis
1693 2548 1972 2643 probari
2012 2548 2187 2620 licet.
2238 2548 2394 2620 Non
2436 2551 2626 2622 enim
2659 2572 2697 2621 a

605 2672 864 2743 Galeno
913 2672 1360 2744 dissentiebat
1397 2674 1545 2766 ipse
1591 2673 1826 2744 Cicero
1870 2674 2021 2766 qui,
2072 2693 2281 2766 quum
2319 2674 2407 2745 de
2449 2677 2699 2746 oratio-

605 2796 810 2867 nibus
855 2797 1280 2893 Thucydidis
1322 2798 1539 2870 verba
1599 2799 1851 2869 faceret
1881 2794 2027 2891 (3),
2097 2798 2208 2867 tali
2268 2798 2478 2869 modo
2540 2821 2696 2869 cum

605 2921 898 2994 Falerno
935 2924 1333 2995 conferebat
1360 2923 1708 2994 orationes
1740 2947 1755 2990 :
1790 2950 1825 2987 α
1859 2920 2217 2993 Orationes
2249 2944 2365 2993 eas
2403 2944 2535 3015 ego
2567 2923 2701 2996 lau·

609 3046 776 3117 dare
805 3048 1028 3132 solem
1094 3048 1343 3119 imitari
1387 3069 1615 3141 neque
1645 3047 1930 3141 possim,
1980 3046 2038 3117 si
2068 3046 2296 3136 velim,
2331 3069 2456 3119 nec
2492 3048 2697 3119 velim

609 3173 917 3257 fortasse,
971 3172 1026 3248 si
1071 3173 1367 3267 possim;
1418 3182 1526 3258 ut,
1571 3172 1629 3244 si
1671 3172 1829 3266 quis
1877 3170 2163 3244 Falerno
2201 3171 2367 3243 vino
2410 3171 2696 3244 delecte·

607 3309 743 3383 tur,
784 3296 906 3368 sed
943 3318 1028 3368 eo
1073 3318 1203 3368 nec
1247 3298 1339 3368 ita
1377 3319 1592 3384 novo,
1635 3305 1710 3367 nt
1761 3294 2098 3390 proximi-s
2152 3296 2543 3367 consutibus
2583 3318 2693 3368 na·

611 3432 750 3491 tum
784 3422 974 3509 velit,
1012 3444 1141 3493 nec
1177 3443 1417 3504 rursus
1438 3426 1535 3493 ita
1565 3432 1824 3508 vetere,
1876 3431 1956 3490 ut
2001 3418 2344 3512 Opimium
2386 3429 2506 3491 aut
2535 3419 2694 3490 Ani-

606 3549 785 3619 cium
821 3548 1170 3622 consulem
1207 3560 1496 3642 quaerat.
1561 3547 1769 3640 Atqui
1805 3566 1909 3617 eae
1944 3557 2126 3618 notae
2173 3556 2329 3615 sunt
2361 3545 2636 3639 optimae
2667 3570 2684 3615 z

607 3673 850 3759 credo;
894 3671 1017 3743 sed
1041 3671 1250 3743 nimia
1287 3682 1591 3743 vetustas
1621 3692 1749 3741 nec
1782 3670 1987 3741 habet
2008 3689 2194 3759 eam,
2222 3689 2429 3762 quam
2456 3673 2691 3762 quaeri-

607 3819 788 3882 muS,
829 3796 1267 3883 suavitatem,
1298 3816 1425 3866 nec
1459 3804 1562 3867 est
1588 3794 1730 3889 jam
1771 3815 1935 3865 sane
1975 3792 2337 3865 tolerabilis
2364 3792 2494 3888 (4).
2541 3824 2569 3859 »

686 3943 768 4024 (1)
801 3942 950 4005 Hor.
986 3944 1129 4018 od„
1160 3942 1263 4005 lib.
1290 3943 1392 4020 ΠΙ,
1417 3959 1547 4018 xxl,
1579 3948 1639 4005 1.

687 4039 1504 4123 (2)Lib.11.6aturn.‚.cap
1534 4043 1698 4103 3..

689 4139 768 4216 (3)
796 4138 922 4200 Cic.
953 4139 1206 4213 Brutia-³,
1239 4142 1340 4203 83.
2038 4180 2044 4186 -

690 4234 769 4312 (4)
800 4236 885 4296 De
906 4234 1136 4317 optima
1160 4241 1524 4297 caeterorum
1546 4234 1830 4297 vinorum
1849 4239 2030 4298 aetate
2052 4233 2199 4300 talia
2222 4181 2377 4298 dixit
2397 4234 2682 4304 Galenus:
