2975 5159
1493 537 1600 557 .,,,,,
1645 501 1892 573 33...-

642 657 896 753 phoras
973 655 1259 727 miscere
1317 653 1626 742 solebat,
1707 661 1776 723 et
1844 652 2091 724 fatetur
2150 652 2298 747 ipse
2372 656 2723 728 nonnullos

644 783 852 855 etiam
929 780 1270 874 agricolas
1346 790 1627 874 propter
1687 776 1970 850 nimiam
2049 776 2512 851 infirmitatem
2594 779 2726 853 vini

638 906 934 1001 singulis
963 905 1314 1001 amphoris
1348 904 1802 999 quadrantem
1835 901 2309 976 medicaminis
2339 903 2683 978 indidisse.

1587 1134 1762 1207 Vm.

1145 1301 1457 1369 Mustum
1491 1312 1561 1369 ec
1585 1297 1739 1368 sale
1771 1295 2242 1369 condiebatur.

743 1468 1007 1540 Deinde
1061 1491 1277 1561 quum
1326 1481 1625 1541 mustum
1659 1493 1817 1542 cum
1861 1470 2023 1542 vino
2079 1479 2275 1543 cocto
2325 1465 2735 1562 permixtum

651 1592 1126 1682 deferbuisset,
1171 1591 1578 1689 interposito
1616 1594 1859 1684 biduo,
1903 1594 1972 1665 in
2027 1595 2266 1666 vinum
2308 1592 2737 1684 injiciebatur

651 1720 752 1791 sal
779 1730 1014 1792 coctus
1047 1729 1114 1792 et
1155 1719 1374 1806 trituS,
1411 1727 1480 1792 et
1503 1730 1766 1792 tantum
1803 1719 2004 1817 gypsi
2034 1718 2224 1791 floris
2258 1728 2596 1813 quantum
2624 1738 2738 1787 sa-

603 1858 609 1866 ·
650 1841 732 1914 lis
761 1842 905 1940 (1);
949 1856 1115 1934 tum,
1157 1855 1432 1938 postero
1462 1844 1603 1935 die,
1649 1846 1988 1941 purgabat
2015 1845 2201 1917 dolia
2244 1845 2500 1916 vinitor
2523 1840 2742 1916 nutri-

652 1979 938 2063 tumque
983 1972 1219 2042 vinum
1256 1970 1634 2064 operiebat.
1686 1972 1834 2043 Hac
1870 1971 2153 2064 quidem
2198 1955 2562 2042 conditura
2605 1979 2749 2039 ute-

653 2092 903 2165 bantur
935 2095 1227 2186 Romani
1265 2096 1335 2165 in
1365 2096 1447 2167 iis
1477 2094 1732 2186 fundis,
1767 2095 1837 2166 in
1867 2096 2120 2190 quibus
2143 2097 2480 2191 palustres
2511 2095 2748 2165 vineas

653 2217 1025 2310 habebant,
1058 2219 1185 2292 sed
1222 2243 1432 2314 quum
1460 2219 1530 2291 in
1559 2220 1848 2292 collibus
1875 2221 2048 2293 vites
2069 2222 2368 2292 colerent
2396 2229 2466 2291 et
2503 2218 2749 2290 vitium

652 2341 918 2416 illarum
970 2348 1136 2417 vina
1204 2344 1607 2434 condirent,
1657 2368 1908 2440 aquam
1963 2346 2214 2418 salsam
2261 2345 2623 2418 decoctam
2669 2338 2755 2412 ad

654 2465 889 2543 tertias
925 2492 1048 2566 pro
1079 2471 1225 2543 sale
1258 2469 1551 2562 adjicere
1582 2471 1950 2544 malebant.
1984 2472 2245 2566 ltaque,
2277 2471 2332 2542 si
2366 2468 2755 2544 maritimus

655 2607 831 2668 esset
861 2617 1044 2686 ager,
1071 2616 1279 2689 quam
1320 2596 1718 2688 longissime
1743 2618 1786 2668 a
1812 2596 2062 2685 littore,
2099 2595 2456 2670 silentibus
2490 2596 2753 2679 ventiS,

654 2721 1017 2793 sumebant
1056 2742 1306 2813 aquam
1337 2719 1443 2816 (2)
1472 2731 1541 2793 et
1570 2742 1792 2816 usque
1817 2721 1908 2794 ad
1941 2722 2206 2794 tertiam
2247 2731 2513 2816 partem
2549 2721 2761 2794 deco·

656 2847 988 2941 quebant,
1031 2845 1316 2937 adjectis
1351 2846 1552 2917 etiam
1583 2845 1927 2940 aliquibus
1973 2845 2298 2919 aromatis
2361 2845 2571 2919 exiis
2602 2866 2762 2942 quae

662 2995 868 3068 supra
921 2970 1299 3059 retulimus,
1358 2980 1433 3042 ut
1469 2970 1666 3043 fieret
1692 2972 2041 3043 odoratius
2081 2972 2343 3043 vinum.
2380 2972 2518 3043 Sed
2548 2972 2626 3043 in
2660 2972 2768 3042 his

658 3099 826 3172 locis
861 3096 932 3168 in
969 3119 1130 3189 quae
1169 3118 1311 3168 non
1345 3097 1537 3168 facile
1566 3096 1913 3170 invehitur
1946 3119 2123 3190 aqua
2160 3077 2465 3188 marina,
2508 3099 2768 3169 coeles-

662 3234 798 3296 tem
847 3245 1094 3316 aquam
1128 3224 1239 3294 vel
1279 3243 1355 3293 ex
1395 3222 1585 3295 fonte
1617 3223 2071 3317 liquidissimo
2110 3222 2565 3317 profluentem
2609 3234 2771 3299 ante

663 3345 1218 3442 quinquennium
1243 3347 1315 3420 in
1349 3348 1495 3420 sole
1529 3349 1908 3442 ponebant,
1947 3357 2016 3418 et
2055 3369 2273 3440 quum
2303 3347 2773 3442 computruis-

662 3483 792 3563 set,
854 3471 1118 3546 tamdiu
1151 3470 1617 3567 patiebantur,
1660 3473 1879 3546 donec
1935 3473 2025 3546 ad
2079 3472 2434 3567 pristinum
2469 3472 2777 3547 modum

652 3715 657 3722 ,
731 3648 832 3732 ,(1)
870 3650 990 3714 «In
1014 3647 1191 3712 binas
1221 3664 1431 3725 urnas,
1458 3647 1544 3711 ait
1555 3648 1798 3712 Colum.
1828 3647 1975 3730 (XII,
1998 3647 2124 3728 21),
2147 3646 2442 3728 adjicitur
2467 3663 2782 3713 mensura

667 3754 1002 3824 semunciis
1027 3755 1189 3819 bene
1214 3755 1418 3837 plenoe
1443 3756 1583 3819 selis
1606 3755 1783 3820 cocti.
1816 3777 1848 3814 ι)

750 3864 830 3947 (2)
856 3860 1026 3926 Conf.
1069 3863 1226 3938 Cat„
1273 3862 1371 3928 (LV
1404 3880 1423 3925 ι
1459 3886 1486 3920 ι
1518 3861 1582 3926 Si
1624 3879 1773 3941 ager
1797 3861 1980 3941 longe
2020 3858 2239 3936 aberit,
2290 3859 2501 3923 vinum
2551 3861 2656 3925 sic
2698 3863 2789 3925 fa-

667 3970 887 4063 cit0...;
917 3990 948 4027 ι)
985 3967 1130 4045 CVI,
1158 3992 1190 4029 α
1215 3986 1394 4050 aquae
1421 3969 1671 4032 marinae
1693 3968 2114 4042 concinnatim
2140 3988 2171 4025 a
2200 3973 2263 4029 et
2285 3968 2455 4045 CXII,
2489 3989 2525 4026 «
2553 3968 2786 4031 vinum

667 4081 860 4142 Coum
901 4075 955 4139 si
995 4076 1161 4139 voles
1203 4076 1406 4139 facere
1426 4120 1444 4153 ,
1475 4094 1702 4159 aquam
1732 4095 1806 4138 ex
1844 4074 1970 4138 alto
1996 4074 2290 4138 marinam
2326 4074 2593 4154 sumito,
2626 4076 2791 4139 mari

664 4184 1020 4267 tranquillo,
1055 4202 1251 4265 quum
1280 4190 1500 4250 ventus
1526 4201 1651 4248 non
1673 4184 1829 4264 erit,
1861 4183 1995 4245 dies
2021 4184 2178 4246 LXX.
2199 4190 2345 4246 ante
2361 4182 2788 4263 vindemiam,

671 4312 797 4376 quo
825 4309 988 4375 aqua
1009 4291 1207 4355 dulcis
1240 4310 1363 4356 non
1396 4293 1730 4372 perveniet.
1762 4313 1791 4351 >2
