2975 5159
1442 519 1836 590 ...24—

592 669 1084 768 respiciebatur
1115 669 1417 763 q'uoque‘
1438 668 1748 742 locorum
1779 677 2024 748 natura
2056 696 2072 738 :
2099 690 2261 740 nam
2289 689 2431 762 quo
2467 668 2692 743 humi-

586 799 744 874 dius
773 805 922 871 erat
958 797 1210 867 coelum
1249 804 1317 864 et
1350 794 1596 880 solum,
1626 814 1711 864 eo
1741 792 1987 864 altiora
2014 794 2183 883 juga
2217 794 2684 888 ponebantur,

585 942 709 1018 per
732 941 895 1013 quae
921 919 1150 991 minus
1178 927 1598 1014 putresceret
1624 918 1883 989 fruetus
1915 940 1958 989 a
1989 926 2171 989 terra
2189 918 2580 1009 submotus;
2614 930 2692 991 at.

586 1056 823 1121 contra
884 1048 953 1116 in
1004 1043 1189 1136 agris
1237 1041 1612 1115 acclivibus
1656 1053 1972 1136 aestuque
2011 1043 2427 1178 torrentibus
2460 1044 2694 1128 hamis

585 1172 756 1244 liora
795 1170 1286 1266 probabantur.

681 1295 854 1368 Vitis
890 1304 1119 1368 autem
1163 1303 1447 1366 truncus
1483 1316 1623 1367 non
1665 1294 1948 1366 omnino
1990 1309 2206 1389 propo
2247 1294 2688 1390 pedamenta,

583 1421 704 1494 sed
742 1421 968 1517 pedali
1004 1420 1253 1518 spatio,
1284 1443 1374 1492 ne
1409 1420 1675 1492 radices
1716 1429 1835 1491 aut
1871 1430 2339 1512 premerentur
2372 1431 2492 1492 aut
2525 1424 2690 1494 ‘vul‘

580 1556 988 1620 notarentur
1015 1599 1035 1635 ,
1065 1556 1273 1640 atque
1302 1555 1380 1617 ut
1424 1547 1647 1619 fossor
1687 1545 1777 1615 ab
1811 1543 2002 1618 omni
2041 1555 2231 1637 parte
2266 1546 2526 1618 semina
2551 1546 2690 1617 oir-

588 1671 1039 1745 oumt‘oderet.
1074 1672 1152 1742 In
1194 1670 1382 1743 omni
1420 1691 1702 1764 quoque
1737 1690 1908 1760 agro
1952 1668 2314 1760 diligenter
2350 1670 2680 1744 observa·-

581 1798 753 1872 bant
775 1804 854 1867 ut
877 1795 1113 1868 ridicis
1140 1795 1231 1866 ab
1256 1795 1718 1890 septentrione
1736 1815 1980 1866 versus
2005 1802 2398 1886 tegerentur
2422 1797 2676 1886 vineae,

579 1925 649 1994 et·
675 1922 875 2017 palos
898 1921 1014 1994 sic
1040 1920 1394 2015 ponebant
1433 1931 1509 1991 ut
1546 1920 1638 1992 ad
1680 1918 1890 1992 vitem
1929 1920 2425 2016 protegendam
2469 1922 2702 2016 frigo-⁸

580 2068 736 2117 rum
787 2055 858 2118 et
903 2045 1308 2139 aquilonum
1364 2044 1772 2138 exciperent
1804 2043 1933 2137 ipsi
1988 2044 2412 2118 violentiam.
2459 2046 2690 2119 Caete-

581 2193 737 2243 rum
764 2171 917 2244 haec
944 2170 1213 2256 omnia,
1243 2191 1403 2265 quae
1432 2167 1523 2241 ad
1554 2169 1961 2265 pedamenta
1993 2179 2061 2241 et
2091 2171 2262 2266 juga
2289 2172 2676 2266 pertinent,

581 2295 957 2388 alligatoris
980 2304 1202 2369 erant.

676 2420 1012 2514 Alligator
1070 2419 1281 2512 igitur
1328 2419 1566 2514 primis
1602 2420 1802 2494 annis
1847 2420 1942 2494 ita
1980 2421 2404 2515 temperabat
2434 2423 2698 2510 vitem„

580 2558 662 2619 ut
714 2566 1018 2619 crescere
1070 2544 1304 2616 mallet
1369 2565 1582 2637 quam
1640 2564 1906 2639 parere.
1979 2545 2266 2636 Deinde,
2328 2568 2544 2640 quum
2600 2548 2680 2620 in

580 2682 882 2767 quatuor
920 2670 1134 2741 ferme
1190 2669 1411 2763 pedes
1452 2689 1664 2766 supra
1700 2679 1948 2742 terram
1985 2670 2160 2742 elata
2196 2670 2469 2760 fuisset,
2504 2694 2694 2765 qua-

585 2808 737 2868 tuor
780 2815 1058 2890 quoque
1100 2793 1401 2867 brachiis
1446 2794 1632 2865 illam
1669 2795 2147 2888 componebat,
2195 2818 2493 2889 quorum
2533 2798 2692 2872 sin-⁴

579 2923 741 3013 gula
800 2929 1184 3014 spectarent
1244 2918 1587 2992 demissati
1642 2918 1746 3015 (1)
1788 2920 1939 3011 jugi
1987 2930 2235 3014 partes.
2300 2922 2468 2994 Mox
2499 2943 2679 2998 eam

577 3045 928 3139 alligabat,
974 3066 1063 3116 ne
1092 3043 1446 3138 penderet,
1480 3052 1554 3116 et
1586 3053 1661 3114 ut
1688 3045 1858 3136 jugo
1892 3044 2335 3120 sustineretur
2366 3072 2384 3117 t
2434 3047 2678 3140 alliga-

578 3170 783 3243 tionis
815 3179 1041 3241 autem
1078 3168 1230 3241 haec
1256 3189 1447 3240 cura.
1480 3166 1846 3242 Vinculum
1876 3170 2176 3263 ponebat
2199 3170 2379 3244 inter
2406 3173 2677 3246 tertiam

578 3305 1040 3389 quartamque
1074 3313 1456 3386 gemmam,
1494 3293 1658 3385 quia
1694 3293 1796 3364 sic
1819 3305 2176 3368 ,coercetur
2205 3293 2504 3389 imoetus
2526 3319 2678 3372 ma-

573 3420 798 3510 teriae,
846 3418 1343 3511 densioresque
1394 3417 1565 3490 citra
1607 3419 1916 3514 pampini
1958 3419 2333 3511 exsultant3
2368 3431 2437 3493 et
2465 3443 2692 3500 cave<

575 3546 697 3617 bat
745 3565 832 3616 ne
891 3543 1294 3635 religaretur
1352 3564 1725 3631 cacumen,
1786 3543 1948 3635 quia
1997 3543 2261 3635 deJeeta
2300 3567 2500 3639 parS,
2553 3559 2677 3622 aut

578 3669 964 3767 praeligata,
996 3668 1299 3740 *fructum
1336 3666 1483 3756 dat,
1517 3666 1684 3742 dum
1721 3667 1819 3755 id,
1863 3667 2057 3760 quod
2095 3669 2268 3742 citra
2299 3679 2427 3757 est,
2453 3680 2673 3750 mate·

570 3794 745 3865 riem
781 3790 1007 3864 mittit.
1045 3790 1182 3862 Sed
1219 3792 1498 3868 vinculo
1527 3791 1742 3866 vitem
1775 3800 2038 3866 tantum
2079 3793 2499 3882 continebat,
2532 3816 2676 3874 uon

573 3917 921 4003 arctabat,
953 3926 1022 3986 et
1048 3915 1162 4006 id,
1203 3938 1292 3988 ne
1320 3915 1600 4012 stirpem
1630 3918 2035 4004 suffocaret,
2068 3917 2362 4007 eli-gebat
2391 3919 2601 3996 molle
2645 3947 2666 3994 :

565 4044 807 4134 janoe,
840 4040 1128 4130 vimine,
1173 4040 1407 4128 salice,
1461 4043 1620 4113 ulva
1657 4052 1725 4113 et
1760 4041 1894 4114 hac
1921 4041 2176 4129 herba,
2214 4064 2420 4144 quam
2460 4042 2671 4115 Siculi

568 4166 914 4242 vocabant
934 4166 1496 4261 ampelodesmon
1527 4164 1659 4264 (2),
1692 4166 2035 4270 utebatur.

653 4326 735 4410 (1)
770 4325 1127 4390 Decussatio
1151 4325 1367 4390 litterae
1392 4326 1572 4390 istius
1602 4326 1702 4409 (X)
1730 4325 1996 4391 sormam
2016 4327 2236 4447 habet.
2309 4377 2328 4404 2

650 4432 730 4514 (2)
768 4430 943 4496 Conf.
972 4431 1161 4508 Plin„
1185 4433 1366 4510 XVII,
1397 4434 1500 4495 22.
