2975 5159
1504 480 1602 493 .-.
1645 442 1740 514 80
1789 482 1888 498 ...-

1038 609 1206 680 Cedo
1233 610 1483 677 fumoso
1505 612 1826 695 praebeant
1851 613 1995 676 vina
2021 613 2130 694 (1).

747 764 890 836 Nec
919 785 1060 836 non
1099 773 1168 837 et
1201 764 1556 853 Martialis,
1596 766 1819 837 virum
1857 766 2228 860 quemdam
2257 765 2732 839 Massiliensem

648 890 933 963 nomine
969 891 1295 962 Munnam
1340 890 1759 982 detestatus,
1807 891 2128 986 illiusque
2180 891 2421 962 vinum
2480 891 2739 964 abhor-

649 1017 826 1103 ruit,
871 1016 1064 1110 quod
1118 1016 1290 1089 vitio
1344 1016 1578 1089 nimiae
1628 1016 2024 1105 suffitionis,
2076 1037 2239 1109 quae
2283 1015 2651 1089 damnatur
2702 1038 2742 1087 a

642 1142 1048 1232 Columella,
1084 1140 1259 1214 adeo
1295 1163 1602 1214 crassum
1626 1153 1804 1215 esset
1832 1152 1899 1215 et
1939 1143 2129 1214 fumo
2165 1140 2643 1234 combibitum,
2673 1151 2746 1212 ut

650 1266 824 1340 illud
852 1275 1179 1360 tanquam
1210 1265 1786 1341 medicamentum
1821 1268 1927 1340 vel
1971 1266 2280 1340 toxicum
2325 1265 2740 1339 haberetur:

840 1461 1131 1546 Improba
1154 1461 1438 1528 Massilia
1464 1460 1768 1544 quidquid
1800 1459 2058 1526 fumaria
2084 1466 2314 1540 cogunt

924 1568 1164 1651 Accipit
1192 1576 1435 1634 aetatem
1468 1569 1748 1651 quisquis
1770 1570 1850 1631 ab
1878 1569 2022 1649 igne
2052 1566 2268 1643 cadus,

841 1677 895 1739 A
919 1681 1004 1755 te,
1035 1678 1281 1753 Munna,
1311 1676 1499 1754 venit,
1537 1673 1776 1740 miseris
1803 1682 1870 1739 tu
1895 1675 2089 1739 mittis
2114 1672 2349 1752 amicis,

922 1784 1037 1846 Per
1062 1782 1239 1860 freta,
1279 1799 1390 1865 per
1414 1783 1667 1864 longam
1695 1781 1897 1847 toxica
1928 1800 2079 1846 saeva
2105 1782 2291 1847 viam.

845 1891 973 1953 Nec
998 1889 1163 1954 facili
1195 1890 1419 1973 pretio,
1444 1891 1552 1954 sed
1580 1907 1706 1974 quo
1731 1895 2020 1955 contenta
2047 1887 2294 1952 Falerni

924 1999 1106 2062 Testa
1132 1997 1236 2074 sit,
1263 2002 1370 2062 aut
1395 1998 1570 2062 cellis
1601 1998 1758 2062 seria
1781 2015 1923 2061 cara
1953 1997 2079 2061 suis
2108 1995 2221 2079 (2).

757 2172 995 2267 Itaque
1026 2174 1420 2264 fumarium,
1457 2174 1651 2268 quod
1680 2173 2089 2247 vinitoribus
2124 2173 2453 2246 maximae
2485 2170 2763 2243 utilitati

660 2308 808 2371 erat
859 2308 932 2369 ut
963 2298 1214 2392 liquori
1254 2320 1693 2397 praecoquem
1727 2298 2185 2371 maturitatem
2225 2296 2538 2386 adderet,
2588 2295 2766 2369 vinis

663 2441 916 2496 nocere
944 2434 1208 2518 poterat
1247 2424 1303 2500 si
1352 2446 1520 2498 vasa
1560 2423 1818 2496 diutius
1859 2424 2122 2496 fumum
2161 2422 2588 2518 exciperent.
2634 2421 2767 2494 Sed

661 2558 1078 2622 mercatores
1107 2600 1127 2637 ‚
1186 2560 1260 2621 ut
1303 2550 1547 2622 vinum
1603 2571 1811 2644 quam
1855 2548 2149 2621 maxime
2212 2558 2557 2621 vetustum
2619 2568 2768 2620 esse

660 2670 1037 2765 videretur,
1066 2674 1134 2745 in
1161 2674 1340 2748 hanc
1368 2674 1641 2770 culpam
1664 2673 1920 2771 saepius
1940 2672 2372 2747 ducebantur
2399 2685 2466 2745 et
2488 2671 2768 2746 illorum

665 2798 1051 2893 improbam
1079 2810 1294 2871 artem
1334 2800 1664 2873 damnare
1696 2799 1924 2872 caeteri
1964 2799 2305 2872 solebant.

763 2923 1104 3019 Equidem
1157 2925 1360 2998 etiam
1415 2927 1633 2998 altera
1672 2924 1914 2998 fraude
1950 2936 2363 2997 mercatores
2409 2945 2577 2997 usos
2620 2944 2771 2996 esse

667 3061 862 3146 puto.
912 3050 1188 3125 Etenim
1226 3051 1556 3142 Romani,
1590 3073 1803 3146 quum
1833 3050 1904 3123 in
1943 3051 2129 3123 cellis
2156 3051 2268 3124 vel
2306 3050 2375 3121 in
2411 3048 2769 3144 apothecis

671 3198 838 3250 vasa
862 3161 1320 3272 deponerent,
1354 3187 1558 3251 notas
1584 3176 2054 3250 inscribebant
2085 3174 2464 3249 indicantes
2499 3196 2768 3248 annum

648 3312 739 3375 ·et
766 3324 1025 3375 nomen
1059 3303 1385 3393 consulis,
1420 3323 1505 3375 ac
1540 3301 1797 3375 deinde
1829 3324 1994 3375 vere
2025 3311 2332 3375 vetustas
2367 3321 2517 3372 esse
2560 3321 2772 3393 argu-

669 3438 903 3501 mento
951 3431 1181 3500 fumus
1238 3427 1664 3522 emptoribus
1710 3437 1875 3499 erat.
1931 3426 2343 3499 Mercatores
2389 3445 2596 3514 vero,
2651 3425 2771 3518 qui

671 3553 882 3626 veluti
925 3555 1108 3626 fures
1154 3552 1470 3628 Mercurii
1523 3573 1776 3628 numen
1817 3552 2176 3638 colebant,
2216 3552 2463 3632 falsum
2510 3571 2774 3622 nomen

671 3678 973 3753 consulis
1023 3678 1400 3760 inscribere
1444 3678 1655 3754 facite
1701 3687 2022 3773 poterant
2066 3677 2610 3768 mendacemque
2670 3678 2778 3747 fu-

671 3826 859 3876 mum
925 3803 991 3873 in
1048 3812 1212 3875 nota
1279 3801 1595 3874 mendaci
1656 3800 1943 3898 fingere.
2013 3801 2210 3888 Quidv
2244 3799 2478 3873 euim?
2524 3800 2777 3872 Nonne

675 3940 909 4002 nostro
951 3929 1022 3998 in
1061 3928 1193 4000 hoc
1231 3938 1541 4023 tempore
1583 3927 1745 3999 talia
1783 3926 1873 3999 ad
1916 3926 2271 4000 mendacia
2319 3937 2533 3998 ruunt
2593 3947 2774 3998 non·

759 4115 834 4200 (1)
863 4116 1029 4179 Ovid.
1069 4118 1253 4191 Fosi„
1287 4116 1363 4178 V.

758 4230 836 4305 (ἓ)
864 4228 1068 4301 Mart„
1100 4225 1177 4300 X,
1210 4222 1311 4286 36:
