2975 5159
1491 487 1877 554 ...14-

727 630 907 702 luter
967 652 1206 702 omnes
1270 634 1639 727 praecipuae
1689 632 2099 705 dicebantur
2130 631 2483 721 Amineae,
2554 653 2727 724 quae

628 775 839 846 quum
888 766 1115 826 essent
1171 754 1373 827 unius
1416 756 1755 841 nominis,
1811 779 1951 827 non
2006 778 2213 828 unam
2263 758 2561 849 speciem
2609 777 2729 849 ge-

629 877 911 969 νώσεις
948 900 1193 954 aarum·
1236 879 1420 956 enim
1457 881 1765 976 quinque
1802 902 2060 972 genera
2107 910 2124 952 ε
2168 904 2522 977 germana
2572 905 2726 949 ma-

603 1002 739 1101 jor
764 1014 835 1076 et
875 1028 1225 1102 germ
1257 1007 1518 1096 ητὲηοτ,
1555 1004 1875 1104 gemellae
1931 1005 2131 1090 duae,
2184 1014 2392 1097 atque
2433 1003 2718 1076 lanata.

629 1134 1147 1200 Get-marm
1203 1131 1688 1204 minoi-mim
1731 1140 1806 1202 et
1862 1129 2105 1204 nulius
2173 1129 2721 1216 defloraecehQ

626 1254 968 1349 longeque
998 1256 1439 1350 praecedebat
1486 1255 1822 1348 majorem
1865 1255 2030 1349 quia
2059 1263 2136 1325 et
2158 1253 2420 1326 imbres
2456 1266 2525 1330 et
2564 1276 2731 1326 ven·-

626 1389 727 1451 tos
770 1382 1014 1452 fortius
1060 1381 1440 1475 patiebatur
1476 1407 1494 1450 ε
1542 1381 1876 1473 largiores
1926 1402 2206 1474 qmqne
2252 1380 2514 1452 fetebat
2548 1382 2729 1452 fruc·

622 1516 758 1579 tus.
820 1508 1061 1599 Major,
1127 1529 1288 1601 quae
1350 1508 1784 1601 prolixarum
1848 1507 2234 1601 frequentia
2281 1507 2728 1580 materiarum

623 1633 1080 1727 foliorumque
1125 1647 1192 1706 et
1244 1657 1531 1706 uvarum
1579 1648 1647 1707 et
1691 1635 2050 1706 acinorum
2105 1635 2582 1726 magnitudine
2618 1635 2728 1706 di-

620 1760 1121 1852 gnoscebatur,
1162 1761 1472 1832 celeriter
1531 1761 1598 1834 in
1641 1759 1813 1832 flore
1852 1760 2197 1853 corrumpi
2245 1769 2554 1853 poterat,
2602 1761 2727 1834 sed

620 1884 904 1958 minoris
946 1883 1282 1956 fructibus
1329 1885 1536 1976 largis
1571 1894 1928 1978 superata,
1976 1893 2183 1977 gustu
2222 1906 2362 1956 non
2396 1885 2726 1957 vinceba-

621 2020 757 2082 tur.
799 2007 1155 2094 Gemdlw,
1184 2010 1437 2103 quibus
1459 2010 1595 2081 hoc
1621 2031 1874 2080 nomen
1926 2031 2082 2081 uvae
2118 2030 2392 2102 semper
2425 2014 2725 2101 geminae

611 2126 986 2223 dederant,
1039 2135 1377 2207 austerius
1436 2135 1673 2206 vinum
1713 2134 2156 2228 praebebant,
2209 2134 2332 2207 sed
2368 2157 2569 2230 aeque
2599 2158 2723 2230 pe·-

617 2282 832 2334 renne
875 2286 893 2329 z
936 2261 1556 2353 celeberrimosque
1587 2260 1871 2333 Vesuvii
1902 2261 2111 2333 colles
2145 2262 2722 2355 Surrentinosque

620 2386 957 2460 vestiebat
1004 2385 1295 2478 gemella
1346 2385 1597 2456 minor.
1642 2387 1940 2455 Lancuoe
1987 2407 2176 2473 vero,
2216 2408 2376 2478 quae
2416 2386 2723 2458 maximo

617 2509 1026 2583 canescebat
1069 2507 1419 2599 lanugine,
1470 2508 1787 2578 crebrum
1846 2518 1915 2582 et
1962 2508 2219 2581 bonum
2273 2511 2558 2596 vinum,
2597 2511 2723 2581 sed

618 2634 836 2706 lenius
862 2654 1073 2727 quam
1108 2632 1272 2702 vina
1308 2632 1794 2725 superiorum.
1839 2633 2060 2727 prima
2096 2654 2188 2704 ex
2228 2634 2534 2706 Amineis
2569 2657 2717 2707 ma-

556 2727 581 2752 *
617 2771 994 2848 turescenS,
1035 2758 1348 2830 ocissime
1386 2758 1823 2851 putrescebat
1860 2758 1999 2851 (1)

709 2886 868 2957 Vini
896 2883 1249 2957 nobilitate
1296 2884 1687 2979 proximam
1734 2884 2087 2958 habebant
2120 2886 2533 2977 dignitatem
2569 2887 2716 2960 No·-

611 3022 976 3099 mentanae,
1022 3031 1184 3104 quae
1229 3031 1271 3080 a
1307 3032 1432 3081 suo
1480 3009 1711 3081 colore
1755 3009 2162 3082 rubellianae
2216 3012 2708 3107 nuncupaban-

612 3147 740 3209 tur.
782 3136 956 3221 Quae
998 3157 1210 3228 quum
1265 3157 1340 3206 se
1380 3136 1773 3228 frequente-r
1815 3134 2217 3230 implerent,
2257 3146 2328 3208 et
2381 3138 2482 3229 id,
2520 3140 2715 3231 quod

610 3261 1006 3347 ediderant,
1061 3260 1317 3354 optime
1386 3269 1741 3332 tuerentur
1765 3315 1784 3347 ‚
1838 3260 2145 3332 Amineis
2198 3262 2405 3336 etiam
2475 3264 2710 3335 fecun-¹

609 3383 838 3456 diores
907 3391 1103 3454 erant
1158 3409 1174 3452 z
1243 3381 1469 3453 omnis
1534 3381 1952 3453 incommodi
2025 3383 2354 3476 patientes
2420 3395 2710 3477 praeter·-

606 3532 816 3603 quam
863 3507 1135 3597 caloriS,
1188 3517 1434 3578 ventos
1483 3517 1554 3578 et
1600 3507 1857 3578 imbres
1898 3506 2213 3579 facillime
2255 3509 2705 3601 sufferebant,

605 3631 1053 3726 celeriterque
1084 3622 1641 3722 deflorescenteS,
1674 3631 1835 3704 ideo
1874 3632 2072 3704 citius
2110 3631 2584 3706 mitescebant.

704 3758 996 3849 Magnus
1028 3758 1231 3830 etiam
1269 3759 1495 3830 honos
1538 3758 1826 3851 Apianis
1867 3757 2119 3851 quibus
2164 3778 2551 3851 cognomen
2590 3761 2710 3832 dez

682 3959 764 4041 (1)
791 3961 989 4040 Super
1013 3958 1181 4021 hunc
1209 3975 1562 4035 numerum,
1592 3975 1780 4040 quem
1812 3957 2162 4032 retulimuS,
2196 3958 2570 4040 singularem
2591 3963 2707 4027 Co:-

602 4067 854 4130 lumella
886 4064 1164 4131 nominat
1199 4065 1520 4127 Amineam
1561 4065 1783 4145 majori
1820 4065 2087 4146 geminae
2133 4085 2262 4129 non
2300 4066 2697 4145 dissimilem,

597 4174 794 4258 prima
819 4173 1028 4256 specie
1056 4170 1337 4255 pampini
1376 4178 1438 4234 et
1469 4171 1691 4246 trunci,
1726 4171 1838 4234 sed
1866 4170 1987 4233 vini
2020 4190 2242 4251 sapore
2273 4173 2584 4255 aliquanto
2613 4176 2702 4239 in·-

600 4279 914 4345 feriorem.
947 4279 1216 4355 Columa,
1248 4278 1348 4355 III,-
1380 4282 1436 4339 23
