2975 5159
1447 490 1837 558 ...48—

590 636 892 708 colorem
918 635 1128 707 ullum
1157 638 1342 709 nulla
1368 659 1476 710 res
1513 639 1815 712 vinaceis
1850 639 2098 709 afferre
2134 645 2355 731 potest
2383 634 2511 706 nisi
2552 657 2683 706 na·

591 768 767 831 turae
811 761 1186 851 maturitaS,
1219 784 1548 858 expressa
1580 764 1651 833 in
1681 786 1814 835 uva
1856 762 1913 834 si
1939 765 2123 846 lusca
2162 762 2270 834 vel
2307 763 2448 833 fere
2489 760 2684 850 nigra

592 884 875 957 vinacea
921 887 1320 979 reperirent,
1374 888 1856 983 tempestivum
1896 909 2050 959 esse
2102 887 2402 959 laborem
2442 885 2685 959 crede-

591 1009 780 1082 bant.
835 1011 1052 1095 Quam
1115 1012 1482 1084 Columella
1538 1014 1866 1084 rationem
1918 1012 2260 1106 praecipue
2303 1011 2409 1082 his
2455 1010 2689 1082 verbis

593 1135 899 1229 praecipit
933 1163 947 1206 :
984 1165 1019 1200 α
1042 1137 1380 1210 Naturalis
1415 1138 1771 1210 maturitas
1807 1149 1936 1226 est,
1970 1137 2029 1210 si
2063 1157 2225 1210 cum
2265 1137 2689 1229 expresseris

592 1260 904 1350 vinacea,
933 1283 1094 1355 quae
1112 1261 1328 1335 acinis
1345 1264 1677 1354 celantur,
1703 1264 1847 1355 J‘am
1876 1263 2233 1351 infuscata,
2273 1275 2339 1335 et
2359 1261 2690 1333 nonnulla

592 1386 1093 1480 propemodum
1125 1388 1320 1480 nigra
1360 1389 1643 1476 fuerint3
1673 1397 1795 1461 »et
1813 1388 2053 1460 eadem
2092 1386 2277 1481 apud
2311 1385 2688 1458 Palladium

591 1508 834 1583 iisdem
870 1514 1011 1585 fere
1053 1513 1286 1586 verbis
1333 1514 1625 1606 legimus
1672 1541 1689 1585 ε
1749 1542 1781 1578 α
1818 1512 2278 1586 Maturitatem
2317 1511 2692 1584 vindemiae

593 1638 1069 1727 cognoscimus
1098 1637 1231 1710 hoc
1264 1658 1519 1731 genere
1552 1665 1568 1708 ε
1600 1638 1654 1709 si
1688 1660 2010 1734 expressa
2045 1636 2500 1725 uva,vinacia
2530 1657 2694 1728 quae

592 1760 662 1832 in
699 1762 912 1834 acinis
947 1764 1255 1838 celantur
1291 1763 1474 1858 (hoc
1504 1773 1606 1834 est
1637 1763 1945 1858 grana),
1992 1763 2129 1834 sint
2168 1764 2360 1834 fusca
2415 1771 2483 1834 et
2521 1783 2695 1838 non-

592 1888 779 1958 nulla
817 1888 1317 1982 propemodum
1355 1888 1557 1982 nigra
1594 1915 1611 1959 :
1657 1911 1863 1983 quam
1894 1910 2039 1960 rem
2068 1886 2393 1960 naturalis
2418 1884 2698 1957 maturi·

593 2024 700 2084 tas
736 2013 897 2085 facit
927 2012 1058 2110 (1).
1108 2042 1144 2078 »

1578 2218 1664 2286 11.

951 2413 1123 2499 Quae
1150 2425 1318 2480 cente
1361 2408 1803 2481 vindemiam
1833 2408 2349 2508 praeparanda.

693 2603 828 2676 Sed
855 2614 1224 2697 antequam
1248 2603 1426 2676 banc
1448 2605 1904 2678 maturitatem
1945 2606 2369 2701 exploratam
2409 2603 2692 2676 baberet

596 2730 847 2802 vinitor
903 2740 971 2801 et
1024 2732 1312 2802 fructum
1365 2753 1616 2825 cogere
1663 2731 2018 2827 inciperet,
2057 2731 2408 2825 superiore
2457 2751 2694 2800 mense

596 2855 811 2925 multa
850 2865 1043 2925 erant
1090 2857 1565 2952 praeparanda.
1593 2856 1762 2927 Tum
1806 2853 2322 2928 decemmodias
2358 2864 2426 2924 et
2465 2852 2704 2936 trimo-‚

593 2979 769 3066 dias,
812 3001 973 3073 quae
1027 3003 1146 3073 per
1189 2980 1484 3052 hiemem
1550 2979 1903 3052 fabricatae
1957 2981 2262 3063 fuerant,
2321 2977 2389 3049 in
2453 2978 2694 3049 ordine

594 3102 937 3199 ponebat,
981 3113 1048 3176 et
1083 3104 1368 3177 fiscellas
1398 3101 1810 3195 Jamdudum
1859 3114 2085 3176 textas
2130 3102 2423 3199 picabat.
2484 3102 2696 3173 Funi-

595 3225 731 3302 culi
776 3251 1053 3323 quoque
1105 3228 1398 3319 fiscellis,
1441 3227 1727 3325 loraque
1786 3229 2116 3302 trimodiis
2151 3228 2588 3324 aptabantur,
2626 3236 2695 3297 et

597 3355 863 3427 falculae
903 3376 1307 3450 unguesque
1344 3353 1548 3427 ferrei
1579 3355 2096 3428 exacuebantur
2133 3376 2340 3449 quam
2385 3339 2688 3449 plurimi,

678 3533 759 3612 (t)
795 3531 1050 3607 Pallad„
1082 3533 1158 3609 X,
1192 3535 1293 3595 ss.

683 3660 716 3710 (ι
735 3640 950 3720 LegeS,
970 3638 1054 3702 ait
1073 3631 1332 3716 Plinius,
1364 3638 1449 3702 ita
1476 3657 1543 3702 se
1573 3638 1805 3704 babent
1830 3655 1848 3701 ε
1877 3657 2059 3703 uvam
2086 3639 2341 3708 calidam
2371 3655 2452 3701 nc
2474 3637 2687 3718 legito,

597 3744 713 3808 hoc
733 3751 849 3823 est,
880 3745 946 3807 in
973 3746 1104 3825 ejus
1138 3745 1440 3823 siccitate,
1470 3763 1543 3808 ac
1569 3744 1689 3807 nisi
1717 3744 1916 3808 imber
1951 3745 2366 3810 intervenerit.
2413 3746 2587 3807 Hanc
2613 3763 2692 3807 ne

596 3852 787 3933 legito
815 3853 1214 3924 rorulentam,
1244 3853 1365 3914 hoc
1393 3858 1510 3927 est,
1541 3850 1592 3914 si
1629 3870 1732 3914 ros
1765 3860 2109 3915 nocturnus
2136 3851 2346 3930 fuerit,
2378 3870 2493 3916 nec
2523 3853 2695 3932 prius
2969 3915 2970 3948 i

601 3975 789 4039 quam
812 3960 941 4021 sole
967 3958 1353 4024 discutiatur.
1391 3959 1792 4022 vindemiare
1820 3957 2097 4041 incipito,
2129 3978 2326 4041 quum
2359 3958 2436 4021 ad
2466 3959 2692 4040 palmi·
2967 3957 2970 4042 l

596 4069 721 4127 tem
751 4064 1082 4146 pampinus
1109 4065 1521 4147 procumbere
1551 4067 1828 4148 coeperit,
1862 4073 1968 4128 aut
1994 4085 2184 4147 quum
2208 4073 2491 4147 exempto
2515 4066 2692 4128 acino
2969 4051 2970 4082 ³

590 4190 673 4233 ‘ex
716 4172 1021 4235 densitate
1066 4172 1450 4235 intervallum
1496 4192 1621 4235 non
1668 4173 1968 4253 compleri
2010 4174 2395 4255 apparuerit,
2442 4172 2691 4235 acinum
2969 4223 2970 4228 ,

602 4298 723 4341 non
753 4281 984 4359 augeri.
1020 4302 1049 4337 t)
1088 4281 1268 4356 Ptin„
1302 4283 1511 4358 Xvnt,
1544 4284 1644 4344 31.
