<?xml version="1.0" encoding="UTF-8"?>
<!DOCTYPE html PUBLIC "-//W3C//DTD XHTML 1.0 Transitional//EN"
    "http://www.w3.org/TR/xhtml1/DTD/xhtml1-transitional.dtd">
<html xmlns="http://www.w3.org/1999/xhtml" xml:lang="en" lang="en">
 <head>
  <title>
</title>
<meta http-equiv="Content-Type" content="text/html;charset=utf-8" />
  <meta name='ocr-system' content='tesseract 3.04.00' />
  <meta name='ocr-capabilities' content='ocr_page ocr_carea ocr_par ocr_line ocrx_word'/>
</head>
<body>
  <div class='ocr_page' id='page_1' title='image "./devitibusatquev00lamagoog_0023.png"; bbox 0 0 2975 5159; ppageno 0'>
   <div class='ocr_carea' id='block_1_1' title="bbox 850 1030 1817 1148">
    <p class='ocr_par' dir='ltr' id='par_1_1' title="bbox 850 1030 1817 1148">
     <span class='ocr_line' id='line_1_1' title="bbox 850 1030 1817 1148; baseline -0.001 -4"><span class='ocrx_word' id='word_1_1' title='bbox 850 1031 1213 1148; x_wconf 86' lang='lat' dir='ltr'>PARS</span> <span class='ocrx_word' id='word_1_2' title='bbox 1312 1030 1817 1145; x_wconf 85' lang='lat' dir='ltr'><strong>PRIOR.</strong></span> 
     </span>
    </p>
   </div>
   <div class='ocr_carea' id='block_1_2' title="bbox 1223 1344 1477 1366">
    <p class='ocr_par' dir='ltr' id='par_1_2' title="bbox 1223 1344 1477 1366">
     <span class='ocr_line' id='line_1_2' title="bbox 1223 1344 1477 1366; baseline -0.004 -5"><span class='ocrx_word' id='word_1_3' title='bbox 1223 1344 1477 1366; x_wconf 57' lang='lat'><strong>—*—-</strong></span> 
     </span>
    </p>
   </div>
   <div class='ocr_carea' id='block_1_3' title="bbox 1050 1580 1690 1722">
    <p class='ocr_par' dir='ltr' id='par_1_3' title="bbox 1050 1580 1690 1722">
     <span class='ocr_line' id='line_1_3' title="bbox 1050 1580 1690 1722; baseline -0.002 -2"><span class='ocrx_word' id='word_1_4' title='bbox 1050 1634 1164 1721; x_wconf 69' lang='lat' dir='ltr'><strong>nn</strong></span> <span class='ocrx_word' id='word_1_5' title='bbox 1220 1580 1690 1722; x_wconf 57' lang='lat' dir='ltr'><strong>virinus(</strong></span> 
     </span>
    </p>
   </div>
   <div class='ocr_carea' id='block_1_4' title="bbox 1307 1914 1364 1980">
    <p class='ocr_par' dir='ltr' id='par_1_4' title="bbox 1307 1914 1364 1980">
     <span class='ocr_line' id='line_1_4' title="bbox 1307 1914 1364 1980; baseline 0 0"><span class='ocrx_word' id='word_1_6' title='bbox 1307 1914 1364 1980; x_wconf 92' lang='lat'><strong>1.</strong></span> 
     </span>
    </p>
   </div>
   <div class='ocr_carea' id='block_1_5' title="bbox 487 2086 2211 2284">
    <p class='ocr_par' dir='ltr' id='par_1_5' title="bbox 487 2086 2211 2284">
     <span class='ocr_line' id='line_1_5' title="bbox 487 2086 2211 2187; baseline -0.001 -29"><span class='ocrx_word' id='word_1_7' title='bbox 487 2094 593 2159; x_wconf 83' lang='lat' dir='ltr'><strong>De</strong></span> <span class='ocrx_word' id='word_1_8' title='bbox 630 2087 805 2159; x_wconf 60' lang='lat' dir='ltr'><strong>loc-eh·</strong></span> <span class='ocrx_word' id='word_1_9' title='bbox 835 2114 993 2187; x_wconf 76' lang='lat' dir='ltr'><strong>quae</strong></span> <span class='ocrx_word' id='word_1_10' title='bbox 1021 2086 1124 2159; x_wconf 83' lang='lat' dir='ltr'><strong>ad</strong></span> <span class='ocrx_word' id='word_1_11' title='bbox 1147 2090 1334 2159; x_wconf 77' lang='lat' dir='ltr'><strong>vites</strong></span> <span class='ocrx_word' id='word_1_12' title='bbox 1358 2105 1533 2184; x_wconf 76' lang='lat' dir='ltr'><strong>apta</strong></span> <span class='ocrx_word' id='word_1_13' title='bbox 1545 2086 1787 2182; x_wconf 82' lang='lat' dir='ltr'><strong>fuisse</strong></span> <span class='ocrx_word' id='word_1_14' title='bbox 1804 2089 2211 2184; x_wconf 75' lang='lat' dir='ltr'><strong>putaverint</strong></span> 
     </span>
     <span class='ocr_line' id='line_1_6' title="bbox 1183 2215 1502 2284; baseline -0.003 0"><span class='ocrx_word' id='word_1_15' title='bbox 1183 2215 1502 2284; x_wconf 81' lang='lat' dir='ltr'><strong>Romani.</strong></span> 
     </span>
    </p>
   </div>
   <div class='ocr_carea' id='block_1_6' title="bbox 276 2391 2385 4107">
    <p class='ocr_par' dir='ltr' id='par_1_6' title="bbox 276 2391 2385 3110">
     <span class='ocr_line' id='line_1_7' title="bbox 381 2391 2385 2486; baseline -0.001 -22"><span class='ocrx_word' id='word_1_16' title='bbox 381 2392 541 2466; x_wconf 89' lang='lat' dir='ltr'><strong>Non</strong></span> <span class='ocrx_word' id='word_1_17' title='bbox 581 2391 826 2465; x_wconf 86' lang='lat' dir='ltr'><strong>eadem</strong></span> <span class='ocrx_word' id='word_1_18' title='bbox 852 2395 1085 2465; x_wconf 88' lang='lat' dir='ltr'><strong>omnia</strong></span> <span class='ocrx_word' id='word_1_19' title='bbox 1115 2393 1186 2463; x_wconf 90' lang='lat' dir='ltr'><strong>in</strong></span> <span class='ocrx_word' id='word_1_20' title='bbox 1216 2393 1464 2465; x_wconf 91' lang='lat' dir='ltr'><strong>eodem</strong></span> <span class='ocrx_word' id='word_1_21' title='bbox 1494 2415 1666 2486; x_wconf 84' lang='lat' dir='ltr'><strong>agro</strong></span> <span class='ocrx_word' id='word_1_22' title='bbox 1694 2393 1830 2465; x_wconf 88' lang='lat' dir='ltr'><strong>seri</strong></span> <span class='ocrx_word' id='word_1_23' title='bbox 1863 2391 2195 2486; x_wconf 89' lang='lat' dir='ltr'><strong>nascique</strong></span> <span class='ocrx_word' id='word_1_24' title='bbox 2233 2412 2385 2484; x_wconf 89' lang='lat' dir='ltr'><strong>pos-</strong></span> 
     </span>
     <span class='ocr_line' id='line_1_8' title="bbox 283 2514 2382 2611; baseline -0.002 -23"><span class='ocrx_word' id='word_1_25' title='bbox 283 2526 447 2588; x_wconf 86' lang='lat' dir='ltr'><strong>sunt</strong></span> <span class='ocrx_word' id='word_1_26' title='bbox 472 2516 579 2611; x_wconf 88' lang='lat'><strong>(1)</strong></span> <span class='ocrx_word' id='word_1_27' title='bbox 611 2568 631 2602; x_wconf 89' lang='lat'>‚</span> <span class='ocrx_word' id='word_1_28' title='bbox 655 2536 818 2586; x_wconf 87' lang='lat' dir='ltr'><strong>nam</strong></span> <span class='ocrx_word' id='word_1_29' title='bbox 848 2525 925 2586; x_wconf 88' lang='lat' dir='ltr'><strong>ut</strong></span> <span class='ocrx_word' id='word_1_30' title='bbox 950 2516 1128 2587; x_wconf 90' lang='lat' dir='ltr'><strong>alius</strong></span> <span class='ocrx_word' id='word_1_31' title='bbox 1147 2524 1251 2588; x_wconf 85' lang='lat' dir='ltr'><strong>est</strong></span> <span class='ocrx_word' id='word_1_32' title='bbox 1278 2516 1368 2588; x_wconf 83' lang='lat' dir='ltr'><strong>ad</strong></span> <span class='ocrx_word' id='word_1_33' title='bbox 1396 2518 1826 2588; x_wconf 81' lang='lat' dir='ltr'><strong>frumentum</strong></span> <span class='ocrx_word' id='word_1_34' title='bbox 1852 2514 2209 2609; x_wconf 85' lang='lat' dir='ltr'><strong>appositus</strong></span> <span class='ocrx_word' id='word_1_35' title='bbox 2229 2565 2249 2599; x_wconf 88' lang='lat'>‚</span> <span class='ocrx_word' id='word_1_36' title='bbox 2283 2514 2382 2584; x_wconf 88' lang='lat' dir='ltr'><strong>sic</strong></span> 
     </span>
     <span class='ocr_line' id='line_1_9' title="bbox 282 2618 2381 2734; baseline -0.002 -22"><span class='ocrx_word' id='word_1_37' title='bbox 282 2640 462 2712; x_wconf 86' lang='lat' dir='ltr'><strong>alius</strong></span> <span class='ocrx_word' id='word_1_38' title='bbox 511 2639 602 2712; x_wconf 87' lang='lat' dir='ltr'><strong>ad</strong></span> <span class='ocrx_word' id='word_1_39' title='bbox 649 2640 864 2712; x_wconf 87' lang='lat' dir='ltr'><strong>vitem</strong></span> <span class='ocrx_word' id='word_1_40' title='bbox 896 2692 916 2729; x_wconf 88' lang='lat'><strong>,</strong></span> <span class='ocrx_word' id='word_1_41' title='bbox 980 2618 1326 2734; x_wconf 84' lang='lat' dir='ltr'><strong>refertque</strong></span> <span class='ocrx_word' id='word_1_42' title='bbox 1381 2663 1525 2714; x_wconf 90' lang='lat' dir='ltr'><strong>non</strong></span> <span class='ocrx_word' id='word_1_43' title='bbox 1579 2641 1903 2733; x_wconf 87' lang='lat' dir='ltr'><strong>ignorare</strong></span> <span class='ocrx_word' id='word_1_44' title='bbox 1953 2640 2122 2734; x_wconf 90' lang='lat' dir='ltr'><strong>quid</strong></span> <span class='ocrx_word' id='word_1_45' title='bbox 2168 2640 2258 2711; x_wconf 90' lang='lat' dir='ltr'><strong>sit</strong></span> <span class='ocrx_word' id='word_1_46' title='bbox 2309 2639 2381 2708; x_wconf 92' lang='lat' dir='ltr'><strong>in</strong></span> 
     </span>
     <span class='ocr_line' id='line_1_10' title="bbox 282 2764 2375 2859; baseline -0.001 -24"><span class='ocrx_word' id='word_1_47' title='bbox 282 2765 503 2837; x_wconf 85' lang='lat' dir='ltr'><strong>fundo</strong></span> <span class='ocrx_word' id='word_1_48' title='bbox 553 2765 951 2839; x_wconf 87' lang='lat' dir='ltr'><strong>colendum.</strong></span> <span class='ocrx_word' id='word_1_49' title='bbox 1009 2765 1219 2855; x_wconf 88' lang='lat' dir='ltr'><strong>Quod</strong></span> <span class='ocrx_word' id='word_1_50' title='bbox 1264 2766 1547 2859; x_wconf 88' lang='lat' dir='ltr'><strong>quidem</strong></span> <span class='ocrx_word' id='word_1_51' title='bbox 1593 2788 1735 2838; x_wconf 89' lang='lat' dir='ltr'><strong>non</strong></span> <span class='ocrx_word' id='word_1_52' title='bbox 1773 2767 2124 2837; x_wconf 87' lang='lat' dir='ltr'><strong>Romanos</strong></span> <span class='ocrx_word' id='word_1_53' title='bbox 2167 2764 2375 2858; x_wconf 82' lang='lat' dir='ltr'><strong>fugit,</strong></span> 
     </span>
     <span class='ocr_line' id='line_1_11' title="bbox 281 2889 2383 2983; baseline -0 -22"><span class='ocrx_word' id='word_1_54' title='bbox 281 2900 493 2983; x_wconf 83' lang='lat' dir='ltr'><strong>atque</strong></span> <span class='ocrx_word' id='word_1_55' title='bbox 524 2889 660 2977; x_wconf 89' lang='lat' dir='ltr'><strong>illi,</strong></span> <span class='ocrx_word' id='word_1_56' title='bbox 696 2889 818 2983; x_wconf 90' lang='lat' dir='ltr'><strong>qui</strong></span> <span class='ocrx_word' id='word_1_57' title='bbox 844 2910 1087 2961; x_wconf 76' lang='lat' dir='ltr'><strong>vineas</strong></span> <span class='ocrx_word' id='word_1_58' title='bbox 1117 2890 1349 2961; x_wconf 83' lang='lat' dir='ltr'><strong>colere</strong></span> <span class='ocrx_word' id='word_1_59' title='bbox 1389 2890 1801 2978; x_wconf 78' lang='lat' dir='ltr'><strong>voluerunt,</strong></span> <span class='ocrx_word' id='word_1_60' title='bbox 1836 2890 2119 2961; x_wconf 87' lang='lat' dir='ltr'><strong>idoneos</strong></span> <span class='ocrx_word' id='word_1_61' title='bbox 2145 2899 2221 2960; x_wconf 92' lang='lat' dir='ltr'><strong>ut</strong></span> <span class='ocrx_word' id='word_1_62' title='bbox 2251 2890 2383 2961; x_wconf 89' lang='lat' dir='ltr'><strong>eli-</strong></span> 
     </span>
     <span class='ocr_line' id='line_1_12' title="bbox 276 3015 2279 3110; baseline 0 -23"><span class='ocrx_word' id='word_1_63' title='bbox 276 3023 524 3108; x_wconf 78' lang='lat' dir='ltr'>gerent</span> <span class='ocrx_word' id='word_1_64' title='bbox 563 3036 800 3105; x_wconf 79' lang='lat' dir='ltr'><strong>agrOS‚</strong></span> <span class='ocrx_word' id='word_1_65' title='bbox 845 3015 973 3087; x_wconf 85' lang='lat' dir='ltr'><strong>soli</strong></span> <span class='ocrx_word' id='word_1_66' title='bbox 1010 3015 1316 3108; x_wconf 87' lang='lat' dir='ltr'><strong>coelique</strong></span> <span class='ocrx_word' id='word_1_67' title='bbox 1351 3016 1757 3109; x_wconf 80' lang='lat' dir='ltr'><strong>qualitatem</strong></span> <span class='ocrx_word' id='word_1_68' title='bbox 1793 3015 2279 3110; x_wconf 87' lang='lat' dir='ltr'><strong>inspexerunt.</strong></span> 
     </span>
    </p>

    <p class='ocr_par' dir='ltr' id='par_1_7' title="bbox 277 3138 2382 4107">
     <span class='ocr_line' id='line_1_13' title="bbox 382 3138 2382 3235; baseline 0.001 -26"><span class='ocrx_word' id='word_1_69' title='bbox 382 3140 746 3210; x_wconf 83' lang='lat' dir='ltr'><strong>Terrarum</strong></span> <span class='ocrx_word' id='word_1_70' title='bbox 784 3138 996 3231; x_wconf 87' lang='lat' dir='ltr'><strong>igitur</strong></span> <span class='ocrx_word' id='word_1_71' title='bbox 1032 3160 1288 3230; x_wconf 83' lang='lat' dir='ltr'><strong>genera</strong></span> <span class='ocrx_word' id='word_1_72' title='bbox 1323 3162 1539 3233; x_wconf 91' lang='lat' dir='ltr'><strong>quum</strong></span> <span class='ocrx_word' id='word_1_73' title='bbox 1583 3139 1719 3211; x_wconf 86' lang='lat' dir='ltr'><strong>sint</strong></span> <span class='ocrx_word' id='word_1_74' title='bbox 1763 3138 2082 3234; x_wconf 87' lang='lat' dir='ltr'><strong>plurima,</strong></span> <span class='ocrx_word' id='word_1_75' title='bbox 2119 3149 2193 3210; x_wconf 92' lang='lat' dir='ltr'><strong>ut</strong></span> <span class='ocrx_word' id='word_1_76' title='bbox 2228 3141 2382 3235; x_wconf 88' lang='lat' dir='ltr'><strong>pin-</strong></span> 
     </span>
     <span class='ocr_line' id='line_1_14' title="bbox 278 3264 2374 3357; baseline 0.001 -24"><span class='ocrx_word' id='word_1_77' title='bbox 278 3264 441 3357; x_wconf 85' lang='lat' dir='ltr'><strong>guis</strong></span> <span class='ocrx_word' id='word_1_78' title='bbox 487 3274 608 3334; x_wconf 81' lang='lat' dir='ltr'><strong>aut</strong></span> <span class='ocrx_word' id='word_1_79' title='bbox 654 3284 917 3347; x_wconf 78' lang='lat' dir='ltr'><strong>macra,</strong></span> <span class='ocrx_word' id='word_1_80' title='bbox 972 3264 1196 3357; x_wconf 90' lang='lat' dir='ltr'><strong>spissa</strong></span> <span class='ocrx_word' id='word_1_81' title='bbox 1245 3264 1353 3334; x_wconf 91' lang='lat' dir='ltr'><strong>vel</strong></span> <span class='ocrx_word' id='word_1_82' title='bbox 1401 3285 1556 3335; x_wconf 89' lang='lat' dir='ltr'><strong>rara</strong></span> <span class='ocrx_word' id='word_1_83' title='bbox 1587 3318 1605 3349; x_wconf 93' lang='lat'>‚</span> <span class='ocrx_word' id='word_1_84' title='bbox 1659 3264 1841 3335; x_wconf 90' lang='lat' dir='ltr'><strong>sicca</strong></span> <span class='ocrx_word' id='word_1_85' title='bbox 1883 3264 1993 3336; x_wconf 88' lang='lat' dir='ltr'><strong>vel</strong></span> <span class='ocrx_word' id='word_1_86' title='bbox 2044 3264 2322 3336; x_wconf 86' lang='lat' dir='ltr'><strong>humida</strong></span> <span class='ocrx_word' id='word_1_87' title='bbox 2355 3320 2374 3356; x_wconf 93' lang='lat'>‚</span> 
     </span>
     <span class='ocr_line' id='line_1_15' title="bbox 278 3387 2373 3481; baseline 0 -20"><span class='ocrx_word' id='word_1_88' title='bbox 278 3387 505 3461; x_wconf 91' lang='lat' dir='ltr'><strong>dulcis</strong></span> <span class='ocrx_word' id='word_1_89' title='bbox 549 3388 660 3460; x_wconf 88' lang='lat' dir='ltr'><strong>vel</strong></span> <span class='ocrx_word' id='word_1_90' title='bbox 717 3408 991 3469; x_wconf 86' lang='lat' dir='ltr'><strong>amara,</strong></span> <span class='ocrx_word' id='word_1_91' title='bbox 1047 3388 1312 3458; x_wconf 90' lang='lat' dir='ltr'><strong>telluris</strong></span> <span class='ocrx_word' id='word_1_92' title='bbox 1364 3398 1676 3460; x_wconf 86' lang='lat' dir='ltr'><strong>naturam</strong></span> <span class='ocrx_word' id='word_1_93' title='bbox 1736 3398 1811 3459; x_wconf 89' lang='lat' dir='ltr'><strong>ut</strong></span> <span class='ocrx_word' id='word_1_94' title='bbox 1871 3401 2373 3481; x_wconf 82' lang='lat' dir='ltr'><strong>agnoscerent,</strong></span> 
     </span>
     <span class='ocr_line' id='line_1_16' title="bbox 281 3512 2378 3607; baseline 0.002 -25"><span class='ocrx_word' id='word_1_95' title='bbox 281 3513 417 3583; x_wconf 90' lang='lat' dir='ltr'><strong>illis</strong></span> <span class='ocrx_word' id='word_1_96' title='bbox 455 3513 582 3584; x_wconf 86' lang='lat' dir='ltr'><strong>suit</strong></span> <span class='ocrx_word' id='word_1_97' title='bbox 622 3533 736 3584; x_wconf 88' lang='lat' dir='ltr'><strong>ars</strong></span> <span class='ocrx_word' id='word_1_98' title='bbox 779 3512 1108 3606; x_wconf 76' lang='lat' dir='ltr'><strong>quaedam</strong></span> <span class='ocrx_word' id='word_1_99' title='bbox 1143 3534 1284 3583; x_wconf 87' lang='lat' dir='ltr'><strong>non</strong></span> <span class='ocrx_word' id='word_1_100' title='bbox 1323 3513 1560 3585; x_wconf 88' lang='lat' dir='ltr'><strong>dubia.</strong></span> <span class='ocrx_word' id='word_1_101' title='bbox 1611 3513 1948 3605; x_wconf 82' lang='lat' dir='ltr'><strong>Pinguem</strong></span> <span class='ocrx_word' id='word_1_102' title='bbox 1986 3514 2084 3585; x_wconf 90' lang='lat' dir='ltr'><strong>sic</strong></span> <span class='ocrx_word' id='word_1_103' title='bbox 2122 3536 2378 3607; x_wconf 85' lang='lat' dir='ltr'><strong>agnos·</strong></span> 
     </span>
     <span class='ocr_line' id='line_1_17' title="bbox 279 3636 2382 3733; baseline 0 -24"><span class='ocrx_word' id='word_1_104' title='bbox 279 3639 532 3709; x_wconf 81' lang='lat' dir='ltr'><strong>cebant</strong></span> <span class='ocrx_word' id='word_1_105' title='bbox 593 3662 610 3706; x_wconf 74' lang='grc' dir='ltr'><strong><em>ε</em></strong></span> <span class='ocrx_word' id='word_1_106' title='bbox 673 3636 946 3729; x_wconf 80' lang='lat' dir='ltr'><strong>glebam</strong></span> <span class='ocrx_word' id='word_1_107' title='bbox 1000 3638 1365 3731; x_wconf 83' lang='lat' dir='ltr'><strong>parvulam</strong></span> <span class='ocrx_word' id='word_1_108' title='bbox 1426 3638 1610 3709; x_wconf 90' lang='lat' dir='ltr'><strong>dulci</strong></span> <span class='ocrx_word' id='word_1_109' title='bbox 1675 3659 1857 3731; x_wconf 88' lang='lat' dir='ltr'><strong>aqua</strong></span> <span class='ocrx_word' id='word_1_110' title='bbox 1914 3660 2130 3731; x_wconf 92' lang='lat' dir='ltr'><strong>quum</strong></span> <span class='ocrx_word' id='word_1_111' title='bbox 2189 3661 2382 3733; x_wconf 86' lang='lat' dir='ltr'><strong>spar-</strong></span> 
     </span>
     <span class='ocr_line' id='line_1_18' title="bbox 277 3760 2377 3855; baseline 0.001 -22"><span class='ocrx_word' id='word_1_112' title='bbox 277 3760 533 3833; x_wconf 83' lang='lat' dir='ltr'><strong>sissent</strong></span> <span class='ocrx_word' id='word_1_113' title='bbox 557 3772 628 3833; x_wconf 91' lang='lat' dir='ltr'><strong>et</strong></span> <span class='ocrx_word' id='word_1_114' title='bbox 665 3761 1135 3854; x_wconf 80' lang='lat' dir='ltr'><strong>subegissent‚</strong></span> <span class='ocrx_word' id='word_1_115' title='bbox 1170 3764 1227 3834; x_wconf 92' lang='lat' dir='ltr'><strong>si</strong></span> <span class='ocrx_word' id='word_1_116' title='bbox 1273 3762 1618 3855; x_wconf 83' lang='lat' dir='ltr'><strong>glutinosa</strong></span> <span class='ocrx_word' id='word_1_117' title='bbox 1645 3774 1793 3834; x_wconf 90' lang='lat' dir='ltr'><strong>erat</strong></span> <span class='ocrx_word' id='word_1_118' title='bbox 1834 3775 1904 3834; x_wconf 82' lang='lat' dir='ltr'><strong>et</strong></span> <span class='ocrx_word' id='word_1_119' title='bbox 1946 3762 2377 3854; x_wconf 78' lang='lat' dir='ltr'><strong>adhaerebat,</strong></span> 
     </span>
     <span class='ocr_line' id='line_1_19' title="bbox 279 3885 2382 3981; baseline 0.001 -23"><span class='ocrx_word' id='word_1_120' title='bbox 279 3886 648 3959; x_wconf 85' lang='lat' dir='ltr'><strong>constabat</strong></span> <span class='ocrx_word' id='word_1_121' title='bbox 682 3885 781 3957; x_wconf 88' lang='lat' dir='ltr'><strong>illi</strong></span> <span class='ocrx_word' id='word_1_122' title='bbox 822 3886 1053 3957; x_wconf 84' lang='lat' dir='ltr'><strong>inesse</strong></span> <span class='ocrx_word' id='word_1_123' title='bbox 1090 3887 1615 3981; x_wconf 85' lang='lat' dir='ltr'><strong>pinguedinem.</strong></span> <span class='ocrx_word' id='word_1_124' title='bbox 1646 3888 1817 3958; x_wconf 80' lang='lat' dir='ltr'><strong>Item</strong></span> <span class='ocrx_word' id='word_1_125' title='bbox 1859 3887 2105 3959; x_wconf 87' lang='lat' dir='ltr'><strong>scrobe</strong></span> <span class='ocrx_word' id='word_1_126' title='bbox 2133 3890 2382 3960; x_wconf 82' lang='lat' dir='ltr'><strong>effossa</strong></span> 
     </span>
     <span class='ocr_line' id='line_1_20' title="bbox 280 4012 2375 4107; baseline 0 -23"><span class='ocrx_word' id='word_1_127' title='bbox 280 4022 352 4085; x_wconf 88' lang='lat' dir='ltr'><strong>et</strong></span> <span class='ocrx_word' id='word_1_128' title='bbox 384 4012 645 4106; x_wconf 76' lang='lat' dir='ltr'><strong>repleta</strong></span> <span class='ocrx_word' id='word_1_129' title='bbox 670 4067 690 4100; x_wconf 89' lang='lat'>‚</span> <span class='ocrx_word' id='word_1_130' title='bbox 771 4013 828 4083; x_wconf 92' lang='lat' dir='ltr'><strong>si</strong></span> <span class='ocrx_word' id='word_1_131' title='bbox 874 4024 1332 4107; x_wconf 85' lang='lat' dir='ltr'><strong>superaverat</strong></span> <span class='ocrx_word' id='word_1_132' title='bbox 1368 4024 1587 4101; x_wconf 81' lang='lat' dir='ltr'><strong>terra,</strong></span> <span class='ocrx_word' id='word_1_133' title='bbox 1629 4014 1905 4107; x_wconf 85' lang='lat' dir='ltr'><strong>pinguis</strong></span> <span class='ocrx_word' id='word_1_134' title='bbox 1943 4013 2375 4086; x_wconf 87' lang='lat' dir='ltr'><strong>habebatur:</strong></span> 
     </span>
    </p>
   </div>
   <div class='ocr_carea' id='block_1_7' title="bbox 288 4184 2376 4373">
    <p class='ocr_par' dir='ltr' id='par_1_8' title="bbox 288 4184 2376 4373">
     <span class='ocr_line' id='line_1_21' title="bbox 363 4184 2376 4272; baseline 0.004 -25"><span class='ocrx_word' id='word_1_135' title='bbox 363 4184 445 4268; x_wconf 84' lang='lat'><strong>(1)</strong></span> <span class='ocrx_word' id='word_1_136' title='bbox 507 4187 631 4249; x_wconf 90' lang='lat' dir='ltr'><strong>Nec</strong></span> <span class='ocrx_word' id='word_1_137' title='bbox 685 4204 833 4249; x_wconf 86' lang='lat' dir='ltr'><strong>vero</strong></span> <span class='ocrx_word' id='word_1_138' title='bbox 891 4193 1076 4250; x_wconf 85' lang='lat' dir='ltr'><strong>terrae</strong></span> <span class='ocrx_word' id='word_1_139' title='bbox 1133 4186 1297 4251; x_wconf 84' lang='lat' dir='ltr'><strong>ferre</strong></span> <span class='ocrx_word' id='word_1_140' title='bbox 1349 4206 1567 4252; x_wconf 90' lang='lat' dir='ltr'><strong>omnes</strong></span> <span class='ocrx_word' id='word_1_141' title='bbox 1615 4189 1823 4253; x_wconf 79' lang='lat' dir='ltr'><strong>omnia</strong></span> <span class='ocrx_word' id='word_1_142' title='bbox 1878 4197 2155 4270; x_wconf 86' lang='lat' dir='ltr'><strong>possunt.</strong></span> <span class='ocrx_word' id='word_1_143' title='bbox 2208 4191 2376 4272; x_wconf 77' lang='lat' dir='ltr'><strong>Vix-g.</strong></span> 
     </span>
     <span class='ocr_line' id='line_1_22' title="bbox 288 4293 815 4373; baseline 0.002 -18"><span class='ocrx_word' id='word_1_144' title='bbox 288 4295 537 4373; x_wconf 69' lang='lat' dir='ltr'><strong>Georq„</strong></span> <span class='ocrx_word' id='word_1_145' title='bbox 572 4293 645 4368; x_wconf 91' lang='grc' dir='ltr'><strong>ΙΙ,</strong></span> <span class='ocrx_word' id='word_1_146' title='bbox 681 4295 815 4356; x_wconf 85' lang='grc'><strong>109.</strong></span> 
     </span>
    </p>
   </div>
  </div>
 </body>
</html>
