2975 5159
1093 505 1485 574 ...45-

265 656 586 751 permulta
642 655 984 727 dederunt
1012 653 1378 747 scriptores
1437 651 1749 723 Romani.
1804 651 2150 724 Inserendi
2206 649 2351 741 qui-

264 782 414 852 dem
461 792 735 873 ,tempus
781 780 996 850 Julius
1042 778 1304 849 Atticus
1350 777 1727 849 tradiderat
1771 797 1861 846 ex
1892 775 2193 848 calendis
2229 798 2351 849 no·

263 906 657 978 vembribus
715 907 783 976 in
840 904 1163 977 calendas
1202 904 1437 996 junias
1456 931 1477 991 3w
1531 904 1654 975 sed
1699 903 2098 987 Columella,
2154 903 2353 995 frigo·

261 1030 349 1102 ris
396 1031 829 1125 asperitatem
877 1030 1148 1119 timeae,
1208 1029 1486 1101 meliora
1528 1028 1872 1123 praecepit.
1919 1027 2125 1098 Iussit
2167 1027 2347 1098 enim

261 1155 552 1228 inserere
600 1156 811 1228 vitem
858 1154 1244 1249 tepentibus
1292 1156 1433 1246 jam
1499 1154 1743 1226 diebus
1805 1163 1962 1249 post
2009 1153 2300 1224 hiemem
2328 1203 2346 1240 ‚

258 1302 467 1373 quum
496 1303 844 1374 gemmam
858 1290 926 1351 et
957 1280 1278 1353 corticem
1309 1290 1554 1351 natura
1587 1289 1826 1351 movet:
1842 1300 1972 1351 nec
2010 1279 2220 1370 frigus
2253 1278 2352 1348 in-

260 1426 509 1497 gruens*
564 1417 864 1477 metuere
916 1415 1143 1499 potest
1201 1415 1323 1475 aut
1362 1408 1640 1475 surculo
1677 1404 1877 1475 insito
1915 1415 2032 1475 aut
2083 1402 2350 1476 fissurae

263 1530 457 1624 plaga
487 1553 505 1599 ε
541 1529 1162 1622 festinantibusque
1190 1529 1498 1623 permisit
1519 1528 1698 1599 hanc
1714 1549 1988 1621 operam
2019 1539 2349 1599 autumno

263 1658 484 1729 faeere
505 1657 671 1751 quia
695 1678 929 1729 vernae
958 1656 1312 1751 qualitatis
1347 1678 1482 1728 non
1528 1654 1878 1726 dissimilis
1905 1666 2008 1726 est
2036 1653 2346 1726 autumni

261 1784 572 1875 qualitas.
617 1782 832 1875 Igitur
871 1782 990 1874 qui
1018 1804 1138 1852 ver
1167 1761 1580 1875 probabant,
1615 1780 1704 1852 ab
1744 1780 2170 1873 aequinoctio
2206 1790 2345 1852 sta·

260 1907 374 1977 tim
415 1907 877 1986 admittebant
934 1906 1278 1998 agricolae,
1339 1906 1796 2000 praedicantes
1848 1905 2154 1998 germina
2193 1928 2346 2001 par-

263 2030 466 2101 turire
527 2039 599 2101 et
652 2030 813 2102 ideo
858 2030 1088 2102 faciles
1147 2029 1479 2101 corticum
1529 2050 1679 2100 esse
1738 2030 2191 2122 complexus:
2233 2028 2353 2119 qui

259 2168 497 2227 contra
553 2155 1022 2247 praeferebant
1066 2163 1467 2228 autumnum
1493 2209 1511 2240 ,
1554 2153 1643 2224 ab
1672 2152 1943 2224 Arcturi
1975 2170 2155 2243 ortu,
2188 2129 2355 2248 prae·-

260 2278 717 2374 dicabantque
757 2289 901 2352 non
941 2280 1439 2373 germinatione
1484 2279 1794 2375 protinus
1843 2279 2092 2351 auferri
2139 2280 2347 2371 vires,

259 2414 324 2474 at
352 2405 693 2497 germina,
737 2404 1086 2477 radicibus
1128 2406 1544 2499 quibusdam
1576 2405 1934 2500 captisffid
1969 2427 2091 2476 ver
2117 2415 2354 2500 parata

263 2531 523 2603 venire.

356 2657 493 2729 Ubi
530 2676 903 2745 generosos
934 2656 1573 2749 maturissimosque
1598 2655 1954 2727 malleolos
1979 2655 2349 2748 elegerant,

262 2780 442 2864 diem
482 2802 765 2874 quoque
802 2782 1149 2875 placidum
1190 2792 1259 2852 et
1300 2781 1603 2874 tepidum
1645 2782 2041 2873 eligebant:
2078 2790 2223 2852 tum
2254 2781 2360 2852 in-

260 2906 585 2977 serebant
635 2906 849 2979 vitem
898 2906 1010 2978 vel
1080 2906 1368 2978 recisam
1425 2906 1534 2978 vel
1591 2907 1998 2999 perforatam
2063 2906 2355 2977 terebra.

263 3030 490 3114 Quum
540 3031 925 3102 reciderent
981 3032 1213 3118 vitem,
1265 3030 1772 3124 temperabatur
1806 3028 1903 3101 ita
1942 3031 2253 3101 surculus
2281 3041 2361 3101 ut

262 3166 780 3247 coagmentaret
811 3154 1155 3242 fissuram,
1193 3165 1259 3226 et
1302 3156 1430 3226 sub
1462 3177 1545 3227 ea
1573 3155 1816 3227 fissura
1845 3155 2361 3228 desiderabatur

263 3281 490 3355 nodus
517 3281 639 3372 qui
676 3303 814 3354 non
850 3281 1092 3351 rimam
1120 3281 1298 3354 ultra
1320 3281 1695 3375 procedere
1731 3289 2118 3375 pateretur:
2157 3279 2359 3353 fiebat

263 3415 491 3476 autem
551 3404 791 3476 recisio
838 3407 1240 3500 plerumque
1277 3427 1483 3500 supra
1535 3416 1809 3494 terram,
1864 3427 2357 3500 nonnunquam

264 3539 341 3609 et,
394 3529 598 3600 infra.
660 3528 800 3600 Sed
854 3552 1072 3622 quum
1129 3530 1358 3600 insitio
1405 3529 1599 3601 fieret
1641 3553 1759 3625 per
1806 3530 2355 3622 terebrationem,

264 3673 357 3724 ex
395 3652 626 3724 vicina
661 3652 799 3724 vite
833 3654 1181 3747 palmitem
1227 3655 1416 3725 velut
1457 3655 1803 3726 traducem
1834 3654 2262 3727 attrahebant
2296 3667 2363 3727 et

264 3799 390 3871 per
444 3778 751 3850 foramen
820 3779 1374 3854 transmittebant
1422 3805 1436 3848 :
1495 3792 1729 3873 postea
1788 3780 1907 3851 ubi
1960 3781 2364 3872 conjunctus

265 3911 441 3989 erat,
486 3901 674 3971 illum
721 3902 1131 3976 recidebant
1173 3926 1212 3975 a
1261 3915 1498 3995 matre,
1537 3904 1947 3999 insitamque
1991 3905 2200 3978 vitem
2246 3908 2366 3979 ob-

268 4026 677 4098 truncabant
724 4048 946 4119 usque
1008 4028 1098 4099 ad
1151 4030 1495 4099 surculum
1534 4040 1904 4123 receptum.
1959 4031 2095 4101 Sed
2131 4032 2186 4101 si
2219 4041 2366 4104 tra-

267 4150 472 4220 ducis
510 4152 687 4237 illius
715 4173 854 4223 non
904 4164 1051 4223 erat
1088 4154 1372 4225 facultas
1399 4206 1418 4238 ‚
1458 4154 1745 4224 electum
1775 4154 2103 4247 aptabant
2139 4158 2365 4227 stricte

275 4277 599 4347 foramini
656 4291 1118 4365 sarmentum,
1187 4279 1354 4350 foris
1409 4300 1550 4349 una
1594 4289 1714 4349 aut
1761 4279 2029 4349 duabus
2080 4282 2366 4371 gemmis
