<?xml version="1.0" encoding="UTF-8"?>
<!DOCTYPE html PUBLIC "-//W3C//DTD XHTML 1.0 Transitional//EN"
    "http://www.w3.org/TR/xhtml1/DTD/xhtml1-transitional.dtd">
<html xmlns="http://www.w3.org/1999/xhtml" xml:lang="en" lang="en">
 <head>
  <title>
</title>
<meta http-equiv="Content-Type" content="text/html;charset=utf-8" />
  <meta name='ocr-system' content='tesseract 3.04.00' />
  <meta name='ocr-capabilities' content='ocr_page ocr_carea ocr_par ocr_line ocrx_word'/>
</head>
<body>
  <div class='ocr_page' id='page_1' title='image "./devitibusatquev00lamagoog_0066.png"; bbox 0 0 2975 5159; ppageno 0'>
   <div class='ocr_carea' id='block_1_1' title="bbox 1439 504 1833 573">
    <p class='ocr_par' dir='ltr' id='par_1_1' title="bbox 1439 504 1833 573">
     <span class='ocr_line' id='line_1_1' title="bbox 1439 504 1833 573; baseline -0.005 -16"><span class='ocrx_word' id='word_1_1' title='bbox 1439 504 1833 573; x_wconf 73' lang='lat'>-52-</span> 
     </span>
    </p>
   </div>
   <div class='ocr_carea' id='block_1_2' title="bbox 557 625 2680 3751">
    <p class='ocr_par' dir='ltr' id='par_1_2' title="bbox 581 625 2679 1249">
     <span class='ocr_line' id='line_1_2' title="bbox 583 625 2676 748; baseline 0.001 -25"><span class='ocrx_word' id='word_1_2' title='bbox 583 653 868 748; x_wconf 84' lang='lat' dir='ltr'>cipiunt,</span> <span class='ocrx_word' id='word_1_3' title='bbox 917 653 1011 726; x_wconf 88' lang='lat' dir='ltr'>ait</span> <span class='ocrx_word' id='word_1_4' title='bbox 1070 652 1467 743; x_wconf 79' lang='lat' dir='ltr'>Columella,</span> <span class='ocrx_word' id='word_1_5' title='bbox 1536 652 1938 747; x_wconf 87' lang='lat' dir='ltr'>tempestive</span> <span class='ocrx_word' id='word_1_6' title='bbox 1999 651 2341 744; x_wconf 79' lang='lat' dir='ltr'>leguntur,</span> <span class='ocrx_word' id='word_1_7' title='bbox 2403 665 2472 726; x_wconf 89' lang='lat' dir='ltr'>et</span> <span class='ocrx_word' id='word_1_8' title='bbox 2503 625 2676 748; x_wconf 27' lang='lat' dir='ltr'>‘quae</span> 
     </span>
     <span class='ocr_line' id='line_1_3' title="bbox 581 777 2676 873; baseline 0.002 -26"><span class='ocrx_word' id='word_1_9' title='bbox 581 778 894 851; x_wconf 89' lang='lat' dir='ltr'>nondum</span> <span class='ocrx_word' id='word_1_10' title='bbox 952 778 1408 850; x_wconf 75' lang='lat' dir='ltr'><strong>maturitatem</strong></span> <span class='ocrx_word' id='word_1_11' title='bbox 1468 785 1799 872; x_wconf 87' lang='lat' dir='ltr'>ceperunt</span> <span class='ocrx_word' id='word_1_12' title='bbox 1863 799 2069 864; x_wconf 83' lang='lat' dir='ltr'>uvae,</span> <span class='ocrx_word' id='word_1_13' title='bbox 2125 777 2273 849; x_wconf 83' lang='lat' dir='ltr'>sine</span> <span class='ocrx_word' id='word_1_14' title='bbox 2321 778 2676 873; x_wconf 86' lang='lat' dir='ltr'>dispendio</span> 
     </span>
     <span class='ocr_line' id='line_1_4' title="bbox 581 903 2679 998; baseline 0 -23"><span class='ocrx_word' id='word_1_15' title='bbox 581 904 1016 975; x_wconf 79' lang='lat' dir='ltr'>differuntur.</span> <span class='ocrx_word' id='word_1_16' title='bbox 1050 905 1191 976; x_wconf 86' lang='lat' dir='ltr'>Nec</span> <span class='ocrx_word' id='word_1_17' title='bbox 1228 905 1478 998; x_wconf 85' lang='lat' dir='ltr'>pariter</span> <span class='ocrx_word' id='word_1_18' title='bbox 1507 905 1735 974; x_wconf 88' lang='lat' dir='ltr'>vietus</span> <span class='ocrx_word' id='word_1_19' title='bbox 1766 914 1975 995; x_wconf 88' lang='lat' dir='ltr'>atque</span> <span class='ocrx_word' id='word_1_20' title='bbox 2013 903 2459 998; x_wconf 84' lang='lat' dir='ltr'>tempestivus</span> <span class='ocrx_word' id='word_1_21' title='bbox 2502 905 2679 978; x_wconf 85' lang='lat' dir='ltr'>fruc-</span> 
     </span>
     <span class='ocr_line' id='line_1_5' title="bbox 583 1022 2677 1123; baseline 0.001 -24"><span class='ocrx_word' id='word_1_22' title='bbox 583 1039 691 1099; x_wconf 90' lang='lat' dir='ltr'>tus</span> <span class='ocrx_word' id='word_1_23' title='bbox 752 1028 1129 1123; x_wconf 71' lang='lat' dir='ltr'>praecipitat</span> <span class='ocrx_word' id='word_1_24' title='bbox 1197 1028 1658 1111; x_wconf 82' lang='lat' dir='ltr'><strong>vindemiam,</strong></span> <span class='ocrx_word' id='word_1_25' title='bbox 1740 1028 2061 1121; x_wconf 78' lang='lat' dir='ltr'>cogitque</span> <span class='ocrx_word' id='word_1_26' title='bbox 2135 1028 2364 1122; x_wconf 88' lang='lat' dir='ltr'>plures</span> <span class='ocrx_word' id='word_1_27' title='bbox 2436 1022 2677 1123; x_wconf 83' lang='lat' dir='ltr'>operas</span> 
     </span>
     <span class='ocr_line' id='line_1_6' title="bbox 584 1151 2026 1249; baseline -0.006 -23"><span class='ocrx_word' id='word_1_28' title='bbox 584 1164 1117 1248; x_wconf 87' lang='lat' dir='ltr'>quantocunque</span> <span class='ocrx_word' id='word_1_29' title='bbox 1150 1156 1367 1249; x_wconf 85' lang='lat' dir='ltr'>pretio</span> <span class='ocrx_word' id='word_1_30' title='bbox 1392 1154 1780 1226; x_wconf 88' lang='lat' dir='ltr'>conducere</span> <span class='ocrx_word' id='word_1_31' title='bbox 1813 1151 1948 1247; x_wconf 82' lang='lat' dir='ltr'>(t).</span> <span class='ocrx_word' id='word_1_32' title='bbox 1989 1183 2026 1218; x_wconf 65' lang='lat' dir='ltr'>n</span> 
     </span>
    </p>

    <p class='ocr_par' dir='ltr' id='par_1_3' title="bbox 558 1277 2680 3249">
     <span class='ocr_line' id='line_1_7' title="bbox 675 1277 2678 1374; baseline -0.001 -22"><span class='ocrx_word' id='word_1_33' title='bbox 675 1280 968 1352; x_wconf 85' lang='lat' dir='ltr'>Jubente</span> <span class='ocrx_word' id='word_1_34' title='bbox 1006 1280 1315 1368; x_wconf 85' lang='lat' dir='ltr'>domino,</span> <span class='ocrx_word' id='word_1_35' title='bbox 1369 1277 1689 1374; x_wconf 86' lang='lat' dir='ltr'>protinus</span> <span class='ocrx_word' id='word_1_36' title='bbox 1725 1278 1796 1348; x_wconf 91' lang='lat' dir='ltr'>in</span> <span class='ocrx_word' id='word_1_37' title='bbox 1839 1277 1962 1348; x_wconf 89' lang='lat' dir='ltr'>bas</span> <span class='ocrx_word' id='word_1_38' title='bbox 1992 1288 2223 1372; x_wconf 90' lang='lat' dir='ltr'>partes</span> <span class='ocrx_word' id='word_1_39' title='bbox 2266 1300 2427 1371; x_wconf 81' lang='lat' dir='ltr'>quae</span> <span class='ocrx_word' id='word_1_40' title='bbox 2457 1288 2678 1350; x_wconf 86' lang='lat' dir='ltr'>matu-</span> 
     </span>
     <span class='ocr_line' id='line_1_8' title="bbox 577 1402 2675 1498; baseline -0.001 -20"><span class='ocrx_word' id='word_1_41' title='bbox 577 1406 796 1479; x_wconf 77' lang='lat' dir='ltr'>riores</span> <span class='ocrx_word' id='word_1_42' title='bbox 831 1427 1006 1478; x_wconf 87' lang='lat' dir='ltr'>uvas</span> <span class='ocrx_word' id='word_1_43' title='bbox 1054 1404 1528 1491; x_wconf 74' lang='lat' dir='ltr'>continebant,</span> <span class='ocrx_word' id='word_1_44' title='bbox 1571 1402 2176 1498; x_wconf 85' lang='lat' dir='ltr'>proficiscebantur</span> <span class='ocrx_word' id='word_1_45' title='bbox 2216 1403 2675 1476; x_wconf 83' lang='lat' dir='ltr'>vindemiato-</span> 
     </span>
     <span class='ocr_line' id='line_1_9' title="bbox 575 1528 2680 1623; baseline 0 -21"><span class='ocrx_word' id='word_1_46' title='bbox 575 1555 715 1623; x_wconf 87' lang='lat' dir='ltr'>res,</span> <span class='ocrx_word' id='word_1_47' title='bbox 761 1532 1022 1603; x_wconf 85' lang='lat' dir='ltr'>falculis</span> <span class='ocrx_word' id='word_1_48' title='bbox 1062 1530 1305 1602; x_wconf 87' lang='lat' dir='ltr'>armati</span> <span class='ocrx_word' id='word_1_49' title='bbox 1347 1529 1725 1622; x_wconf 81' lang='lat' dir='ltr'>ferreisque</span> <span class='ocrx_word' id='word_1_50' title='bbox 1762 1528 1893 1608; x_wconf 83' lang='lat' dir='ltr'>illis</span> <span class='ocrx_word' id='word_1_51' title='bbox 1933 1529 2279 1619; x_wconf 82' lang='lat' dir='ltr'>unguibus</span> <span class='ocrx_word' id='word_1_52' title='bbox 2314 1529 2401 1600; x_wconf 90' lang='lat' dir='ltr'>de</span> <span class='ocrx_word' id='word_1_53' title='bbox 2427 1529 2680 1623; x_wconf 86' lang='lat' dir='ltr'>quibus</span> 
     </span>
     <span class='ocr_line' id='line_1_10' title="bbox 577 1654 2679 1752; baseline -0.002 -22"><span class='ocrx_word' id='word_1_54' title='bbox 577 1677 786 1752; x_wconf 86' lang='lat' dir='ltr'>supra</span> <span class='ocrx_word' id='word_1_55' title='bbox 816 1656 1146 1729; x_wconf 87' lang='lat' dir='ltr'>diximus.</span> <span class='ocrx_word' id='word_1_56' title='bbox 1190 1656 1326 1726; x_wconf 91' lang='lat' dir='ltr'>Illis</span> <span class='ocrx_word' id='word_1_57' title='bbox 1372 1665 1600 1726; x_wconf 88' lang='lat' dir='ltr'>autem</span> <span class='ocrx_word' id='word_1_58' title='bbox 1641 1666 1981 1747; x_wconf 71' lang='lat' dir='ltr'>praeerant</span> <span class='ocrx_word' id='word_1_59' title='bbox 2027 1654 2363 1726; x_wconf 81' lang='lat' dir='ltr'>antistites</span> <span class='ocrx_word' id='word_1_60' title='bbox 2396 1654 2514 1747; x_wconf 86' lang='lat' dir='ltr'>qui</span> <span class='ocrx_word' id='word_1_61' title='bbox 2562 1657 2679 1727; x_wconf 86' lang='lat' dir='ltr'>ob·</span> 
     </span>
     <span class='ocr_line' id='line_1_11' title="bbox 574 1771 2677 1874; baseline -0.001 -20"><span class='ocrx_word' id='word_1_62' title='bbox 574 1789 932 1854; x_wconf 86' lang='lat' dir='ltr'>servarent</span> <span class='ocrx_word' id='word_1_63' title='bbox 958 1802 1159 1874; x_wconf 85' lang='lat' dir='ltr'>opus,</span> <span class='ocrx_word' id='word_1_64' title='bbox 1208 1790 1276 1852; x_wconf 93' lang='lat' dir='ltr'>et</span> <span class='ocrx_word' id='word_1_65' title='bbox 1304 1779 1593 1852; x_wconf 88' lang='lat' dir='ltr'>consilia</span> <span class='ocrx_word' id='word_1_66' title='bbox 1635 1771 1902 1849; x_wconf 75' lang='lat' dir='ltr'>caeteris</span> <span class='ocrx_word' id='word_1_67' title='bbox 1938 1777 2209 1866; x_wconf 86' lang='lat' dir='ltr'>darent,</span> <span class='ocrx_word' id='word_1_68' title='bbox 2245 1794 2313 1852; x_wconf 93' lang='lat' dir='ltr'>et</span> <span class='ocrx_word' id='word_1_69' title='bbox 2355 1790 2677 1858; x_wconf 79' lang='lat' dir='ltr'>caverent</span> 
     </span>
     <span class='ocr_line' id='line_1_12' title="bbox 576 1903 2669 1999; baseline 0 -22"><span class='ocrx_word' id='word_1_70' title='bbox 576 1929 664 1977; x_wconf 88' lang='lat' dir='ltr'>ne</span> <span class='ocrx_word' id='word_1_71' title='bbox 705 1907 832 1977; x_wconf 83' lang='lat' dir='ltr'>furi</span> <span class='ocrx_word' id='word_1_72' title='bbox 892 1907 1082 1979; x_wconf 88' lang='lat' dir='ltr'>locus</span> <span class='ocrx_word' id='word_1_73' title='bbox 1123 1906 1408 1977; x_wconf 86' lang='lat' dir='ltr'>daretur</span> <span class='ocrx_word' id='word_1_74' title='bbox 1460 1915 1721 1999; x_wconf 88' lang='lat' dir='ltr'>partem</span> <span class='ocrx_word' id='word_1_75' title='bbox 1774 1906 2122 1975; x_wconf 86' lang='lat' dir='ltr'>fructuum</span> <span class='ocrx_word' id='word_1_76' title='bbox 2174 1903 2669 1999; x_wconf 80' lang='lat' dir='ltr'>intercipiendi.</span> 
     </span>
     <span class='ocr_line' id='line_1_13' title="bbox 571 2010 2677 2122; baseline 0.001 -23"><span class='ocrx_word' id='word_1_77' title='bbox 571 2028 737 2100; x_wconf 83' lang='lat' dir='ltr'>&#39;l&#39;um</span> <span class='ocrx_word' id='word_1_78' title='bbox 800 2030 916 2100; x_wconf 79' lang='lat' dir='ltr'>&#39;alii</span> <span class='ocrx_word' id='word_1_79' title='bbox 948 2031 1226 2122; x_wconf 80' lang='lat' dir='ltr'>jugatas</span> <span class='ocrx_word' id='word_1_80' title='bbox 1276 2030 1455 2102; x_wconf 88' lang='lat' dir='ltr'>inter</span> <span class='ocrx_word' id='word_1_81' title='bbox 1515 2030 1690 2105; x_wconf 86' lang='lat' dir='ltr'>vites</span> <span class='ocrx_word' id='word_1_82' title='bbox 1752 2010 2039 2117; x_wconf 83' lang='lat' dir='ltr'>intrare,</span> <span class='ocrx_word' id='word_1_83' title='bbox 2098 2029 2215 2100; x_wconf 89' lang='lat' dir='ltr'>alii</span> <span class='ocrx_word' id='word_1_84' title='bbox 2274 2030 2345 2100; x_wconf 92' lang='lat' dir='ltr'>in</span> <span class='ocrx_word' id='word_1_85' title='bbox 2394 2030 2677 2101; x_wconf 88' lang='lat' dir='ltr'>arbores</span> 
     </span>
     <span class='ocr_line' id='line_1_14' title="bbox 576 2153 2675 2249; baseline -0 -25"><span class='ocrx_word' id='word_1_86' title='bbox 576 2155 1085 2226; x_wconf 82' lang='lat' dir='ltr'>conscendere:</span> <span class='ocrx_word' id='word_1_87' title='bbox 1128 2156 1436 2249; x_wconf 76' lang='lat' dir='ltr'>unquue</span> <span class='ocrx_word' id='word_1_88' title='bbox 1468 2155 1789 2227; x_wconf 89' lang='lat' dir='ltr'>festinant</span> <span class='ocrx_word' id='word_1_89' title='bbox 1842 2171 2109 2240; x_wconf 68' lang='lat' dir='ltr'>omneS,</span> <span class='ocrx_word' id='word_1_90' title='bbox 2148 2168 2214 2225; x_wconf 88' lang='lat' dir='ltr'>et</span> <span class='ocrx_word' id='word_1_91' title='bbox 2268 2153 2675 2225; x_wconf 88' lang='lat' dir='ltr'>incumbunt</span> 
     </span>
     <span class='ocr_line' id='line_1_15' title="bbox 572 2278 2675 2365; baseline 0.001 -17"><span class='ocrx_word' id='word_1_92' title='bbox 572 2278 818 2365; x_wconf 89' lang='lat' dir='ltr'>labori,</span> <span class='ocrx_word' id='word_1_93' title='bbox 856 2289 923 2350; x_wconf 90' lang='lat' dir='ltr'>et</span> <span class='ocrx_word' id='word_1_94' title='bbox 953 2279 1181 2351; x_wconf 88' lang='lat' dir='ltr'>medio</span> <span class='ocrx_word' id='word_1_95' title='bbox 1226 2279 1298 2350; x_wconf 92' lang='lat' dir='ltr'>in</span> <span class='ocrx_word' id='word_1_96' title='bbox 1341 2280 1575 2351; x_wconf 85' lang='lat' dir='ltr'>labore</span> <span class='ocrx_word' id='word_1_97' title='bbox 1612 2280 1983 2352; x_wconf 84' lang='lat' dir='ltr'>cachinnos</span> <span class='ocrx_word' id='word_1_98' title='bbox 2015 2289 2085 2352; x_wconf 90' lang='lat' dir='ltr'>et</span> <span class='ocrx_word' id='word_1_99' title='bbox 2120 2279 2297 2350; x_wconf 89' lang='lat' dir='ltr'>risus</span> <span class='ocrx_word' id='word_1_100' title='bbox 2331 2289 2399 2349; x_wconf 90' lang='lat' dir='ltr'>et</span> <span class='ocrx_word' id='word_1_101' title='bbox 2435 2289 2675 2351; x_wconf 89' lang='lat' dir='ltr'>cantus</span> 
     </span>
     <span class='ocr_line' id='line_1_16' title="bbox 574 2400 2671 2498; baseline 0 -26"><span class='ocrx_word' id='word_1_102' title='bbox 574 2403 843 2475; x_wconf 86' lang='lat' dir='ltr'>misceri</span> <span class='ocrx_word' id='word_1_103' title='bbox 900 2404 1156 2475; x_wconf 86' lang='lat' dir='ltr'>sinunt.</span> <span class='ocrx_word' id='word_1_104' title='bbox 1210 2405 1523 2489; x_wconf 88' lang='lat' dir='ltr'>Quantus</span> <span class='ocrx_word' id='word_1_105' title='bbox 1586 2403 1892 2498; x_wconf 83' lang='lat' dir='ltr'>undique</span> <span class='ocrx_word' id='word_1_106' title='bbox 1959 2400 2377 2476; x_wconf 83' lang='lat' dir='ltr'>concursus!</span> <span class='ocrx_word' id='word_1_107' title='bbox 2449 2403 2671 2487; x_wconf 87' lang='lat' dir='ltr'>Quam</span> 
     </span>
     <span class='ocr_line' id='line_1_17' title="bbox 568 2522 2676 2622; baseline 0 -24"><span class='ocrx_word' id='word_1_108' title='bbox 568 2530 739 2599; x_wconf 83' lang='lat' dir='ltr'>mira</span> <span class='ocrx_word' id='word_1_109' title='bbox 779 2526 1183 2600; x_wconf 82' lang='lat' dir='ltr'>assiduitas!</span> <span class='ocrx_word' id='word_1_110' title='bbox 1233 2529 1418 2613; x_wconf 86' lang='lat' dir='ltr'>Quot</span> <span class='ocrx_word' id='word_1_111' title='bbox 1457 2539 1527 2600; x_wconf 90' lang='lat' dir='ltr'>et</span> <span class='ocrx_word' id='word_1_112' title='bbox 1581 2529 1821 2622; x_wconf 88' lang='lat' dir='ltr'>quanti</span> <span class='ocrx_word' id='word_1_113' title='bbox 1872 2522 2250 2601; x_wconf 80' lang='lat' dir='ltr'>clamores!</span> <span class='ocrx_word' id='word_1_114' title='bbox 2294 2529 2565 2612; x_wconf 88' lang='lat' dir='ltr'>Quanta</span> <span class='ocrx_word' id='word_1_115' title='bbox 2603 2527 2676 2598; x_wconf 88' lang='lat' dir='ltr'>fit</span> 
     </span>
     <span class='ocr_line' id='line_1_18' title="bbox 566 2635 2678 2748; baseline 0 -26"><span class='ocrx_word' id='word_1_116' title='bbox 566 2648 836 2724; x_wconf 77' lang='lat' dir='ltr'>laetitia!</span> <span class='ocrx_word' id='word_1_117' title='bbox 880 2655 1229 2725; x_wconf 88' lang='lat' dir='ltr'>Laetantur</span> <span class='ocrx_word' id='word_1_118' title='bbox 1285 2636 1411 2748; x_wconf 83' lang='lat' dir='ltr'>ipsi</span> <span class='ocrx_word' id='word_1_119' title='bbox 1466 2635 1587 2746; x_wconf 89' lang='lat' dir='ltr'>qui</span> <span class='ocrx_word' id='word_1_120' title='bbox 1638 2655 1976 2742; x_wconf 90' lang='lat' dir='ltr'>laborant,</span> <span class='ocrx_word' id='word_1_121' title='bbox 2026 2653 2246 2745; x_wconf 80' lang='lat' dir='ltr'>magis</span> <span class='ocrx_word' id='word_1_122' title='bbox 2289 2661 2360 2725; x_wconf 91' lang='lat' dir='ltr'>et</span> <span class='ocrx_word' id='word_1_123' title='bbox 2404 2653 2678 2725; x_wconf 81' lang='lat' dir='ltr'>laetatur</span> 
     </span>
     <span class='ocr_line' id='line_1_19' title="bbox 566 2761 2670 2871; baseline 0 -21"><span class='ocrx_word' id='word_1_124' title='bbox 566 2778 889 2850; x_wconf 88' lang='lat' dir='ltr'>dominus</span> <span class='ocrx_word' id='word_1_125' title='bbox 942 2779 1063 2871; x_wconf 88' lang='lat' dir='ltr'>qui</span> <span class='ocrx_word' id='word_1_126' title='bbox 1118 2763 1343 2850; x_wconf 86' lang='lat' dir='ltr'>futura</span> <span class='ocrx_word' id='word_1_127' title='bbox 1406 2761 1592 2850; x_wconf 86' lang='lat' dir='ltr'>dolia</span> <span class='ocrx_word' id='word_1_128' title='bbox 1643 2781 1783 2870; x_wconf 85' lang='lat' dir='ltr'>jam</span> <span class='ocrx_word' id='word_1_129' title='bbox 1833 2781 1901 2851; x_wconf 92' lang='lat' dir='ltr'>in</span> <span class='ocrx_word' id='word_1_130' title='bbox 1958 2779 2190 2863; x_wconf 82' lang='lat' dir='ltr'>animo</span> <span class='ocrx_word' id='word_1_131' title='bbox 2239 2778 2670 2865; x_wconf 82' lang='lat' dir='ltr'>considerat,</span> 
     </span>
     <span class='ocr_line' id='line_1_20' title="bbox 563 2886 2677 2999; baseline 0 -25"><span class='ocrx_word' id='word_1_132' title='bbox 563 2903 762 2974; x_wconf 89' lang='lat' dir='ltr'>simul</span> <span class='ocrx_word' id='word_1_133' title='bbox 791 2913 859 2975; x_wconf 89' lang='lat' dir='ltr'>et</span> <span class='ocrx_word' id='word_1_134' title='bbox 876 2904 1074 2975; x_wconf 91' lang='lat' dir='ltr'>amici</span> <span class='ocrx_word' id='word_1_135' title='bbox 1095 2886 1274 2998; x_wconf 83' lang='lat' dir='ltr'>quos</span> <span class='ocrx_word' id='word_1_136' title='bbox 1304 2904 1392 2978; x_wconf 89' lang='lat' dir='ltr'>ad</span> <span class='ocrx_word' id='word_1_137' title='bbox 1422 2905 1840 2976; x_wconf 87' lang='lat' dir='ltr'>vindemiam</span> <span class='ocrx_word' id='word_1_138' title='bbox 1868 2904 2186 2976; x_wconf 88' lang='lat' dir='ltr'>invitavit</span> <span class='ocrx_word' id='word_1_139' title='bbox 2222 2903 2355 2998; x_wconf 70' lang='lat'>(2),</span> <span class='ocrx_word' id='word_1_140' title='bbox 2392 2903 2677 2999; x_wconf 87' lang='lat' dir='ltr'>quibus·</span> 
     </span>
     <span class='ocr_line' id='line_1_21' title="bbox 561 3013 2674 3125; baseline 0 -24"><span class='ocrx_word' id='word_1_141' title='bbox 561 3051 698 3123; x_wconf 86' lang='lat' dir='ltr'>que</span> <span class='ocrx_word' id='word_1_142' title='bbox 736 3031 987 3124; x_wconf 88' lang='lat' dir='ltr'>primas</span> <span class='ocrx_word' id='word_1_143' title='bbox 1034 3042 1101 3102; x_wconf 91' lang='lat' dir='ltr'>et</span> <span class='ocrx_word' id='word_1_144' title='bbox 1138 3031 1433 3125; x_wconf 90' lang='lat' dir='ltr'>optimas</span> <span class='ocrx_word' id='word_1_145' title='bbox 1463 3013 1637 3102; x_wconf 87' lang='lat' dir='ltr'>uvas</span> <span class='ocrx_word' id='word_1_146' title='bbox 1690 3030 1928 3103; x_wconf 78' lang='lat' dir='ltr'>offerri</span> <span class='ocrx_word' id='word_1_147' title='bbox 1967 3031 2166 3122; x_wconf 88' lang='lat' dir='ltr'>jubet</span> <span class='ocrx_word' id='word_1_148' title='bbox 2216 3029 2316 3125; x_wconf 88' lang='grc'>(3)</span> <span class='ocrx_word' id='word_1_149' title='bbox 2366 3052 2454 3101; x_wconf 90' lang='lat' dir='ltr'>ne</span> <span class='ocrx_word' id='word_1_150' title='bbox 2490 3029 2674 3104; x_wconf 87' lang='lat' dir='ltr'>oculi</span> 
     </span>
     <span class='ocr_line' id='line_1_22' title="bbox 558 3139 1777 3249; baseline 0.002 -23"><span class='ocrx_word' id='word_1_151' title='bbox 558 3165 823 3226; x_wconf 86' lang='lat' dir='ltr'>tantum</span> <span class='ocrx_word' id='word_1_152' title='bbox 852 3163 1031 3228; x_wconf 89' lang='lat' dir='ltr'>vana</span> <span class='ocrx_word' id='word_1_153' title='bbox 1067 3156 1368 3247; x_wconf 84' lang='lat' dir='ltr'>imagine</span> <span class='ocrx_word' id='word_1_154' title='bbox 1399 3139 1777 3249; x_wconf 78' lang='lat' dir='ltr'>gaudeant.</span> 
     </span>
    </p>

    <p class='ocr_par' dir='ltr' id='par_1_4' title="bbox 557 3280 2679 3751">
     <span class='ocr_line' id='line_1_23' title="bbox 653 3280 2676 3375; baseline 0.001 -24"><span class='ocrx_word' id='word_1_155' title='bbox 653 3280 1201 3354; x_wconf 88' lang='lat' dir='ltr'>Vindemiatores</span> <span class='ocrx_word' id='word_1_156' title='bbox 1233 3303 1411 3353; x_wconf 89' lang='lat' dir='ltr'>uvas</span> <span class='ocrx_word' id='word_1_157' title='bbox 1444 3282 1710 3353; x_wconf 84' lang='lat' dir='ltr'>falculis</span> <span class='ocrx_word' id='word_1_158' title='bbox 1741 3301 2015 3375; x_wconf 88' lang='lat' dir='ltr'>semper</span> <span class='ocrx_word' id='word_1_159' title='bbox 2057 3280 2430 3375; x_wconf 87' lang='lat' dir='ltr'>decerpere</span> <span class='ocrx_word' id='word_1_160' title='bbox 2463 3280 2676 3353; x_wconf 87' lang='lat' dir='ltr'>debe-</span> 
     </span>
     <span class='ocr_line' id='line_1_24' title="bbox 558 3403 2673 3500; baseline 0 -24"><span class='ocrx_word' id='word_1_161' title='bbox 558 3405 752 3490; x_wconf 86' lang='lat' dir='ltr'>bant,</span> <span class='ocrx_word' id='word_1_162' title='bbox 776 3428 864 3478; x_wconf 90' lang='lat' dir='ltr'>ne</span> <span class='ocrx_word' id='word_1_163' title='bbox 885 3429 1088 3477; x_wconf 89' lang='lat' dir='ltr'>manu</span> <span class='ocrx_word' id='word_1_164' title='bbox 1116 3406 1418 3478; x_wconf 85' lang='lat' dir='ltr'>destricti</span> <span class='ocrx_word' id='word_1_165' title='bbox 1438 3417 1504 3478; x_wconf 93' lang='lat' dir='ltr'>et</span> <span class='ocrx_word' id='word_1_166' title='bbox 1524 3406 1815 3500; x_wconf 90' lang='lat' dir='ltr'>dispersi</span> <span class='ocrx_word' id='word_1_167' title='bbox 1842 3405 2311 3478; x_wconf 86' lang='lat' dir='ltr'>dilaberentur</span> <span class='ocrx_word' id='word_1_168' title='bbox 2329 3403 2394 3476; x_wconf 91' lang='lat' dir='ltr'>in</span> <span class='ocrx_word' id='word_1_169' title='bbox 2417 3415 2673 3477; x_wconf 87' lang='lat' dir='ltr'>terram</span> 
     </span>
     <span class='ocr_line' id='line_1_25' title="bbox 561 3529 2679 3626; baseline 0 -24"><span class='ocrx_word' id='word_1_170' title='bbox 561 3530 768 3620; x_wconf 88' lang='lat' dir='ltr'>acini,</span> <span class='ocrx_word' id='word_1_171' title='bbox 788 3531 1282 3626; x_wconf 86' lang='lat' dir='ltr'>decerptasque</span> <span class='ocrx_word' id='word_1_172' title='bbox 1301 3531 1366 3601; x_wconf 90' lang='lat' dir='ltr'>in</span> <span class='ocrx_word' id='word_1_173' title='bbox 1386 3529 1656 3603; x_wconf 88' lang='lat' dir='ltr'>fiscellis</span> <span class='ocrx_word' id='word_1_174' title='bbox 1676 3529 2119 3625; x_wconf 89' lang='lat' dir='ltr'>deponebant</span> <span class='ocrx_word' id='word_1_175' title='bbox 2134 3529 2239 3625; x_wconf 77' lang='lat'>(4)</span> <span class='ocrx_word' id='word_1_176' title='bbox 2263 3555 2277 3600; x_wconf 91' lang='lat'>:</span> <span class='ocrx_word' id='word_1_177' title='bbox 2297 3530 2552 3603; x_wconf 88' lang='lat' dir='ltr'>deinde</span> <span class='ocrx_word' id='word_1_178' title='bbox 2572 3532 2679 3602; x_wconf 81' lang='lat' dir='ltr'>fu&#39;-</span> 
     </span>
     <span class='ocr_line' id='line_1_26' title="bbox 557 3653 2676 3751; baseline 0 -27"><span class='ocrx_word' id='word_1_179' title='bbox 557 3657 940 3728; x_wconf 89' lang='lat' dir='ltr'>niculorum</span> <span class='ocrx_word' id='word_1_180' title='bbox 961 3656 1180 3749; x_wconf 84' lang='lat' dir='ltr'>gratia</span> <span class='ocrx_word' id='word_1_181' title='bbox 1201 3663 1380 3751; x_wconf 81' lang='lat' dir='ltr'>quos</span> <span class='ocrx_word' id='word_1_182' title='bbox 1404 3653 1672 3727; x_wconf 87' lang='lat' dir='ltr'>fiscellis</span> <span class='ocrx_word' id='word_1_183' title='bbox 1695 3665 2051 3749; x_wconf 87' lang='lat' dir='ltr'>aptaverat</span> <span class='ocrx_word' id='word_1_184' title='bbox 2077 3654 2363 3745; x_wconf 87' lang='lat' dir='ltr'>vinitor,</span> <span class='ocrx_word' id='word_1_185' title='bbox 2381 3657 2676 3726; x_wconf 87' lang='lat' dir='ltr'>summis</span> 
     </span>
    </p>
   </div>
   <div class='ocr_carea' id='block_1_3' title="bbox 548 3872 2673 4382">
    <p class='ocr_par' dir='ltr' id='par_1_5' title="bbox 632 3872 1282 3950">
     <span class='ocr_line' id='line_1_27' title="bbox 632 3872 1282 3950; baseline -0.002 -17"><span class='ocrx_word' id='word_1_186' title='bbox 632 3873 712 3950; x_wconf 86' lang='lat'>(1)</span> <span class='ocrx_word' id='word_1_187' title='bbox 744 3872 1012 3949; x_wconf 64' lang='lat' dir='ltr'>Colum„</span> <span class='ocrx_word' id='word_1_188' title='bbox 1049 3873 1151 3946; x_wconf 85' lang='grc' dir='ltr'><strong>ΙΙΙ,</strong></span> <span class='ocrx_word' id='word_1_189' title='bbox 1181 3874 1282 3934; x_wconf 68' lang='lat'>21.</span> 
     </span>
    </p>

    <p class='ocr_par' dir='ltr' id='par_1_6' title="bbox 548 3975 2673 4164">
     <span class='ocr_line' id='line_1_28' title="bbox 633 3975 2673 4059; baseline -0.001 -19"><span class='ocrx_word' id='word_1_190' title='bbox 633 3979 715 4059; x_wconf 70' lang='lat'>(2)</span> <span class='ocrx_word' id='word_1_191' title='bbox 756 4000 787 4037; x_wconf 88' lang='lat'><strong><em>«</em></strong></span> <span class='ocrx_word' id='word_1_192' title='bbox 812 3979 906 4041; x_wconf 89' lang='lat' dir='ltr'>Ad</span> <span class='ocrx_word' id='word_1_193' title='bbox 924 3977 1304 4042; x_wconf 84' lang='lat' dir='ltr'>vindemiam</span> <span class='ocrx_word' id='word_1_194' title='bbox 1323 3978 1562 4041; x_wconf 83' lang='lat' dir='ltr'>amicos</span> <span class='ocrx_word' id='word_1_195' title='bbox 1587 3993 1804 4050; x_wconf 73' lang='lat' dir='ltr'>vocare</span> <span class='ocrx_word' id='word_1_196' title='bbox 1822 3977 2107 4040; x_wconf 85' lang='lat' dir='ltr'>solebant</span> <span class='ocrx_word' id='word_1_197' title='bbox 2121 3975 2410 4040; x_wconf 86' lang='lat' dir='ltr'>Romani.</span> <span class='ocrx_word' id='word_1_198' title='bbox 2434 3997 2467 4034; x_wconf 75' lang='lat'>&gt;2</span> <span class='ocrx_word' id='word_1_199' title='bbox 2486 3976 2673 4040; x_wconf 86' lang='lat' dir='ltr'>Lam·</span> 
     </span>
     <span class='ocr_line' id='line_1_29' title="bbox 548 4084 1797 4164; baseline 0.003 -19"><span class='ocrx_word' id='word_1_200' title='bbox 548 4084 716 4164; x_wconf 87' lang='lat' dir='ltr'>prid.</span> <span class='ocrx_word' id='word_1_201' title='bbox 752 4085 1014 4164; x_wconf 66' lang='lat' dir='ltr'>Helioy„</span> <span class='ocrx_word' id='word_1_202' title='bbox 1046 4089 1114 4148; x_wconf 77' lang='lat'>11</span> <span class='ocrx_word' id='word_1_203' title='bbox 1145 4105 1161 4160; x_wconf 91' lang='grc'><strong>;</strong></span> <span class='ocrx_word' id='word_1_204' title='bbox 1197 4086 1333 4149; x_wconf 87' lang='lat' dir='ltr'>Aul.</span> <span class='ocrx_word' id='word_1_205' title='bbox 1361 4086 1545 4164; x_wconf 64' lang='lat' dir='ltr'>Gen„</span> <span class='ocrx_word' id='word_1_206' title='bbox 1573 4087 1703 4160; x_wconf 90' lang='lat' dir='ltr'>XX,</span> <span class='ocrx_word' id='word_1_207' title='bbox 1737 4085 1797 4149; x_wconf 82' lang='lat'>8.</span> 
     </span>
    </p>

    <p class='ocr_par' dir='ltr' id='par_1_7' title="bbox 624 4189 2512 4272">
     <span class='ocr_line' id='line_1_30' title="bbox 624 4189 2512 4272; baseline -0.001 -18"><span class='ocrx_word' id='word_1_208' title='bbox 624 4192 709 4272; x_wconf 87' lang='grc'>(3)</span> <span class='ocrx_word' id='word_1_209' title='bbox 743 4194 954 4255; x_wconf 83' lang='lat' dir='ltr'>«Uvas</span> <span class='ocrx_word' id='word_1_210' title='bbox 981 4192 1253 4254; x_wconf 85' lang='lat' dir='ltr'>edendas</span> <span class='ocrx_word' id='word_1_211' title='bbox 1281 4191 1493 4255; x_wconf 84' lang='lat' dir='ltr'>amicis</span> <span class='ocrx_word' id='word_1_212' title='bbox 1523 4192 1775 4255; x_wconf 82' lang='lat' dir='ltr'>dabant.</span> <span class='ocrx_word' id='word_1_213' title='bbox 1807 4213 1839 4251; x_wconf 67' lang='lat'>&gt;³</span> <span class='ocrx_word' id='word_1_214' title='bbox 1875 4191 2053 4255; x_wconf 82' lang='lat' dir='ltr'>Varr.</span> <span class='ocrx_word' id='word_1_215' title='bbox 2084 4189 2162 4254; x_wconf 75' lang='lat' dir='ltr'>R.</span> <span class='ocrx_word' id='word_1_216' title='bbox 2195 4194 2297 4268; x_wconf 63' lang='lat' dir='ltr'>R„</span> <span class='ocrx_word' id='word_1_217' title='bbox 2331 4192 2378 4267; x_wconf 91' lang='lat'>1,</span> <span class='ocrx_word' id='word_1_218' title='bbox 2410 4193 2512 4252; x_wconf 74' lang='lat'>54.</span> 
     </span>
    </p>

    <p class='ocr_par' dir='ltr' id='par_1_8' title="bbox 626 4297 2670 4382">
     <span class='ocr_line' id='line_1_31' title="bbox 626 4297 2670 4382; baseline -0 -21"><span class='ocrx_word' id='word_1_219' title='bbox 626 4300 706 4377; x_wconf 73' lang='lat'>(4)</span> <span class='ocrx_word' id='word_1_220' title='bbox 747 4322 776 4358; x_wconf 77' lang='lat' dir='ltr'><em>a</em></span> <span class='ocrx_word' id='word_1_221' title='bbox 808 4299 983 4372; x_wconf 84' lang='lat' dir='ltr'>Quali</span> <span class='ocrx_word' id='word_1_222' title='bbox 1008 4299 1487 4364; x_wconf 87' lang='lat' dir='ltr'>vindemiatorii.</span> <span class='ocrx_word' id='word_1_223' title='bbox 1522 4324 1554 4362; x_wconf 73' lang='lat' dir='ltr'>n</span> <span class='ocrx_word' id='word_1_224' title='bbox 1588 4300 1847 4382; x_wconf 84' lang='lat' dir='ltr'>Digest.,</span> <span class='ocrx_word' id='word_1_225' title='bbox 1881 4297 2146 4377; x_wconf 71' lang='lat' dir='ltr'>XXXIII,</span> <span class='ocrx_word' id='word_1_226' title='bbox 2184 4299 2279 4362; x_wconf 84' lang='lat' dir='ltr'>tit.</span> <span class='ocrx_word' id='word_1_227' title='bbox 2309 4313 2415 4374; x_wconf 85' lang='lat' dir='ltr'>vn,</span> <span class='ocrx_word' id='word_1_228' title='bbox 2448 4297 2567 4379; x_wconf 81' lang='lat' dir='ltr'>leg&#39;.</span> <span class='ocrx_word' id='word_1_229' title='bbox 2606 4302 2670 4361; x_wconf 90' lang='lat'>8.</span> 
     </span>
    </p>
   </div>
  </div>
 </body>
</html>
