<?xml version="1.0" encoding="UTF-8"?>
<!DOCTYPE html PUBLIC "-//W3C//DTD XHTML 1.0 Transitional//EN"
    "http://www.w3.org/TR/xhtml1/DTD/xhtml1-transitional.dtd">
<html xmlns="http://www.w3.org/1999/xhtml" xml:lang="en" lang="en">
 <head>
  <title>
</title>
<meta http-equiv="Content-Type" content="text/html;charset=utf-8" />
  <meta name='ocr-system' content='tesseract 3.04.00' />
  <meta name='ocr-capabilities' content='ocr_page ocr_carea ocr_par ocr_line ocrx_word'/>
</head>
<body>
  <div class='ocr_page' id='page_1' title='image "./devitibusatquev00lamagoog_0027.png"; bbox 0 0 2975 5159; ppageno 0'>
   <div class='ocr_carea' id='block_1_1' title="bbox 1159 438 1551 506">
    <p class='ocr_par' dir='ltr' id='par_1_1' title="bbox 1159 438 1551 506">
     <span class='ocr_line' id='line_1_1' title="bbox 1159 438 1551 506; baseline -0.008 -16"><span class='ocrx_word' id='word_1_1' title='bbox 1159 438 1551 506; x_wconf 63' lang='lat'>...13-</span> 
     </span>
    </p>
   </div>
   <div class='ocr_carea' id='block_1_2' title="bbox 296 583 2393 799">
    <p class='ocr_par' dir='ltr' id='par_1_2' title="bbox 296 583 2393 799">
     <span class='ocr_line' id='line_1_2' title="bbox 304 583 2393 683; baseline 0.002 -28"><span class='ocrx_word' id='word_1_2' title='bbox 304 583 588 658; x_wconf 83' lang='lat' dir='ltr'>totidem</span> <span class='ocrx_word' id='word_1_3' title='bbox 627 607 820 679; x_wconf 82' lang='lat' dir='ltr'>paene</span> <span class='ocrx_word' id='word_1_4' title='bbox 854 594 1038 673; x_wconf 84' lang='lat' dir='ltr'>sunt,</span> <span class='ocrx_word' id='word_1_5' title='bbox 1068 601 1236 680; x_wconf 86' lang='lat' dir='ltr'>quot</span> <span class='ocrx_word' id='word_1_6' title='bbox 1279 588 1428 680; x_wconf 85' lang='lat' dir='ltr'>agri</span> <span class='ocrx_word' id='word_1_7' title='bbox 1457 585 1590 683; x_wconf 83' lang='lat'>(1).</span> <span class='ocrx_word' id='word_1_8' title='bbox 1636 616 1672 653; x_wconf 75' lang='lat'>&gt;2</span> <span class='ocrx_word' id='word_1_9' title='bbox 1721 589 1862 660; x_wconf 87' lang='lat' dir='ltr'>Nec</span> <span class='ocrx_word' id='word_1_10' title='bbox 1896 588 2205 676; x_wconf 81' lang='lat' dir='ltr'>dissentit</span> <span class='ocrx_word' id='word_1_11' title='bbox 2243 591 2393 662; x_wconf 85' lang='lat' dir='ltr'>Vir·</span> 
     </span>
     <span class='ocr_line' id='line_1_3' title="bbox 296 707 818 799; baseline 0.002 -22"><span class='ocrx_word' id='word_1_12' title='bbox 296 707 500 799; x_wconf 79' lang='lat' dir='ltr'>gilius</span> <span class='ocrx_word' id='word_1_13' title='bbox 532 718 761 782; x_wconf 87' lang='lat' dir='ltr'>noster</span> <span class='ocrx_word' id='word_1_14' title='bbox 802 737 818 778; x_wconf 70' lang='grc' dir='ltr'><strong>ε</strong></span> 
     </span>
    </p>
   </div>
   <div class='ocr_carea' id='block_1_3' title="bbox 378 903 1986 1204">
    <p class='ocr_par' dir='ltr' id='par_1_3' title="bbox 378 903 1986 1204">
     <span class='ocr_line' id='line_1_4' title="bbox 378 903 1975 988; baseline 0.001 -21"><span class='ocrx_word' id='word_1_15' title='bbox 378 905 515 967; x_wconf 93' lang='lat' dir='ltr'>Non</span> <span class='ocrx_word' id='word_1_16' title='bbox 543 903 758 968; x_wconf 89' lang='lat' dir='ltr'>eadem</span> <span class='ocrx_word' id='word_1_17' title='bbox 785 906 1109 969; x_wconf 78' lang='lat' dir='ltr'>arboribus</span> <span class='ocrx_word' id='word_1_18' title='bbox 1134 909 1366 988; x_wconf 81' lang='lat' dir='ltr'>pendet</span> <span class='ocrx_word' id='word_1_19' title='bbox 1399 906 1708 970; x_wconf 84' lang='lat' dir='ltr'>vindemia</span> <span class='ocrx_word' id='word_1_20' title='bbox 1731 908 1975 984; x_wconf 83' lang='lat' dir='ltr'>nostriS,</span> 
     </span>
     <span class='ocr_line' id='line_1_5' title="bbox 379 1012 1907 1096; baseline 0.003 -24"><span class='ocrx_word' id='word_1_21' title='bbox 379 1012 573 1086; x_wconf 88' lang='lat' dir='ltr'>Quam</span> <span class='ocrx_word' id='word_1_22' title='bbox 599 1014 1006 1093; x_wconf 84' lang='lat' dir='ltr'>Methymnaeo</span> <span class='ocrx_word' id='word_1_23' title='bbox 1035 1014 1237 1096; x_wconf 82' lang='lat' dir='ltr'>carpit</span> <span class='ocrx_word' id='word_1_24' title='bbox 1264 1015 1343 1076; x_wconf 89' lang='lat' dir='ltr'>de</span> <span class='ocrx_word' id='word_1_25' title='bbox 1369 1014 1624 1094; x_wconf 79' lang='lat' dir='ltr'>palmite</span> <span class='ocrx_word' id='word_1_26' title='bbox 1652 1015 1907 1086; x_wconf 74' lang='lat' dir='ltr'>LestS,</span> 
     </span>
     <span class='ocr_line' id='line_1_6' title="bbox 381 1119 1986 1204; baseline 0.006 -25"><span class='ocrx_word' id='word_1_27' title='bbox 381 1119 539 1180; x_wconf 84' lang='lat' dir='ltr'>Sunt</span> <span class='ocrx_word' id='word_1_28' title='bbox 560 1120 795 1183; x_wconf 83' lang='lat' dir='ltr'>Thasiae</span> <span class='ocrx_word' id='word_1_29' title='bbox 818 1120 991 1198; x_wconf 86' lang='lat' dir='ltr'>vites,</span> <span class='ocrx_word' id='word_1_30' title='bbox 1026 1127 1169 1184; x_wconf 85' lang='lat' dir='ltr'>sunt</span> <span class='ocrx_word' id='word_1_31' title='bbox 1195 1129 1257 1185; x_wconf 89' lang='lat' dir='ltr'>et</span> <span class='ocrx_word' id='word_1_32' title='bbox 1278 1120 1647 1185; x_wconf 81' lang='lat' dir='ltr'>Mareotides</span> <span class='ocrx_word' id='word_1_33' title='bbox 1678 1121 1838 1186; x_wconf 83' lang='lat' dir='ltr'>albae</span> <span class='ocrx_word' id='word_1_34' title='bbox 1875 1120 1953 1204; x_wconf 72' lang='lat'>(2)</span> <span class='ocrx_word' id='word_1_35' title='bbox 1968 1167 1986 1188; x_wconf 83' lang='grc'><strong>.</strong></span> 
     </span>
    </p>
   </div>
   <div class='ocr_carea' id='block_1_4' title="bbox 296 1300 2395 1647">
    <p class='ocr_par' dir='ltr' id='par_1_4' title="bbox 296 1300 2395 1647">
     <span class='ocr_line' id='line_1_7' title="bbox 400 1300 2388 1394; baseline 0.002 -23"><span class='ocrx_word' id='word_1_36' title='bbox 400 1300 874 1394; x_wconf 86' lang='lat' dir='ltr'>Memoratque</span> <span class='ocrx_word' id='word_1_37' title='bbox 924 1302 1235 1392; x_wconf 74' lang='lat' dir='ltr'>Psithias,</span> <span class='ocrx_word' id='word_1_38' title='bbox 1300 1304 1586 1394; x_wconf 78' lang='lat' dir='ltr'>LageaS,</span> <span class='ocrx_word' id='word_1_39' title='bbox 1624 1300 1995 1389; x_wconf 77' lang='lat' dir='ltr'>Rhaelicas‚</span> <span class='ocrx_word' id='word_1_40' title='bbox 2040 1303 2388 1391; x_wconf 83' lang='lat' dir='ltr'>AmineaS‚</span> 
     </span>
     <span class='ocr_line' id='line_1_8' title="bbox 296 1425 2394 1520; baseline 0 -23"><span class='ocrx_word' id='word_1_41' title='bbox 296 1436 510 1518; x_wconf 87' lang='lat' dir='ltr'>atque</span> <span class='ocrx_word' id='word_1_42' title='bbox 548 1427 721 1497; x_wconf 89' lang='lat' dir='ltr'>vites</span> <span class='ocrx_word' id='word_1_43' title='bbox 758 1449 849 1497; x_wconf 88' lang='lat' dir='ltr'>ex</span> <span class='ocrx_word' id='word_1_44' title='bbox 895 1425 1136 1499; x_wconf 91' lang='lat' dir='ltr'>Tmolo</span> <span class='ocrx_word' id='word_1_45' title='bbox 1166 1440 1230 1499; x_wconf 85' lang='lat' dir='ltr'>et</span> <span class='ocrx_word' id='word_1_46' title='bbox 1273 1426 1546 1517; x_wconf 65' lang='lat' dir='ltr'>Argue,</span> <span class='ocrx_word' id='word_1_47' title='bbox 1583 1437 1649 1498; x_wconf 89' lang='lat' dir='ltr'>et</span> <span class='ocrx_word' id='word_1_48' title='bbox 1686 1427 1878 1520; x_wconf 88' lang='lat' dir='ltr'>quod</span> <span class='ocrx_word' id='word_1_49' title='bbox 1920 1425 2219 1498; x_wconf 80' lang='lat' dir='ltr'>maxime</span> <span class='ocrx_word' id='word_1_50' title='bbox 2273 1429 2394 1499; x_wconf 89' lang='lat' dir='ltr'>no-</span> 
     </span>
     <span class='ocr_line' id='line_1_9' title="bbox 298 1552 2395 1647; baseline 0.001 -26"><span class='ocrx_word' id='word_1_51' title='bbox 298 1552 582 1622; x_wconf 84' lang='lat' dir='ltr'>tandum</span> <span class='ocrx_word' id='word_1_52' title='bbox 655 1563 797 1641; x_wconf 85' lang='lat' dir='ltr'>est,</span> <span class='ocrx_word' id='word_1_53' title='bbox 856 1553 1116 1647; x_wconf 86' lang='lat' dir='ltr'>species</span> <span class='ocrx_word' id='word_1_54' title='bbox 1163 1552 1473 1623; x_wconf 90' lang='lat' dir='ltr'>omnium</span> <span class='ocrx_word' id='word_1_55' title='bbox 1535 1553 1738 1625; x_wconf 82' lang='lat' dir='ltr'>tradit</span> <span class='ocrx_word' id='word_1_56' title='bbox 1799 1574 1950 1625; x_wconf 84' lang='lat' dir='ltr'>esse</span> <span class='ocrx_word' id='word_1_57' title='bbox 1996 1552 2395 1625; x_wconf 88' lang='lat' dir='ltr'>innumera-</span> 
     </span>
    </p>
   </div>
   <div class='ocr_carea' id='block_1_5' title="bbox 292 1662 529 1748">
    <p class='ocr_par' dir='ltr' id='par_1_5' title="bbox 292 1662 529 1748">
     <span class='ocr_line' id='line_1_10' title="bbox 292 1662 529 1748; baseline -0.013 0"><span class='ocrx_word' id='word_1_58' title='bbox 292 1662 529 1748; x_wconf 79' lang='lat' dir='ltr'>biles:</span> 
     </span>
    </p>
   </div>
   <div class='ocr_carea' id='block_1_6' title="bbox 380 1870 2289 2490">
    <p class='ocr_par' dir='ltr' id='par_1_6' title="bbox 380 1870 2289 2167">
     <span class='ocr_line' id='line_1_11' title="bbox 380 1870 2234 1955; baseline 0.001 -21"><span class='ocrx_word' id='word_1_59' title='bbox 380 1870 505 1934; x_wconf 85' lang='lat' dir='ltr'>Sed</span> <span class='ocrx_word' id='word_1_60' title='bbox 538 1890 742 1953; x_wconf 83' lang='lat' dir='ltr'>neque</span> <span class='ocrx_word' id='word_1_61' title='bbox 769 1890 958 1954; x_wconf 83' lang='lat' dir='ltr'>quam</span> <span class='ocrx_word' id='word_1_62' title='bbox 986 1872 1200 1935; x_wconf 83' lang='lat' dir='ltr'>multae</span> <span class='ocrx_word' id='word_1_63' title='bbox 1224 1872 1486 1953; x_wconf 68' lang='lat' dir='ltr'>species»,</span> <span class='ocrx_word' id='word_1_64' title='bbox 1516 1891 1631 1935; x_wconf 87' lang='lat' dir='ltr'>nec</span> <span class='ocrx_word' id='word_1_65' title='bbox 1664 1872 1918 1936; x_wconf 87' lang='lat' dir='ltr'>nomina</span> <span class='ocrx_word' id='word_1_66' title='bbox 1948 1891 2088 1955; x_wconf 72' lang='lat' dir='ltr'>qum</span> <span class='ocrx_word' id='word_1_67' title='bbox 2110 1871 2234 1937; x_wconf 88' lang='lat' dir='ltr'>sint</span> 
     </span>
     <span class='ocr_line' id='line_1_12' title="bbox 383 1978 2289 2061; baseline 0.001 -22"><span class='ocrx_word' id='word_1_68' title='bbox 383 1979 492 2040; x_wconf 86' lang='lat' dir='ltr'>Est</span> <span class='ocrx_word' id='word_1_69' title='bbox 523 1997 855 2056; x_wconf 83' lang='lat' dir='ltr'>numerus;</span> <span class='ocrx_word' id='word_1_70' title='bbox 887 1998 1092 2061; x_wconf 87' lang='lat' dir='ltr'>neque</span> <span class='ocrx_word' id='word_1_71' title='bbox 1121 1980 1287 2042; x_wconf 89' lang='lat' dir='ltr'>enim</span> <span class='ocrx_word' id='word_1_72' title='bbox 1316 1997 1575 2044; x_wconf 90' lang='lat' dir='ltr'>numero</span> <span class='ocrx_word' id='word_1_73' title='bbox 1604 1979 2053 2061; x_wconf 82' lang='lat' dir='ltr'>comprendere</span> <span class='ocrx_word' id='word_1_74' title='bbox 2077 1978 2289 2043; x_wconf 76' lang='lat' dir='ltr'>refert.</span> 
     </span>
     <span class='ocr_line' id='line_1_13' title="bbox 385 2084 1982 2167; baseline 0.001 -20"><span class='ocrx_word' id='word_1_75' title='bbox 385 2087 580 2157; x_wconf 88' lang='lat' dir='ltr'>Quem</span> <span class='ocrx_word' id='word_1_76' title='bbox 611 2085 720 2166; x_wconf 89' lang='lat' dir='ltr'>qui</span> <span class='ocrx_word' id='word_1_77' title='bbox 752 2085 913 2150; x_wconf 88' lang='lat' dir='ltr'>scire</span> <span class='ocrx_word' id='word_1_78' title='bbox 934 2084 1094 2161; x_wconf 86' lang='lat' dir='ltr'>velit,</span> <span class='ocrx_word' id='word_1_79' title='bbox 1124 2085 1328 2165; x_wconf 87' lang='lat' dir='ltr'>Libyci</span> <span class='ocrx_word' id='word_1_80' title='bbox 1351 2085 1502 2147; x_wconf 88' lang='lat' dir='ltr'>velit</span> <span class='ocrx_word' id='word_1_81' title='bbox 1526 2085 1788 2167; x_wconf 81' lang='lat' dir='ltr'>aequoris</span> <span class='ocrx_word' id='word_1_82' title='bbox 1817 2087 1982 2149; x_wconf 89' lang='lat' dir='ltr'>idem</span> 
     </span>
    </p>

    <p class='ocr_par' dir='ltr' id='par_1_7' title="bbox 383 2191 1989 2273">
     <span class='ocr_line' id='line_1_14' title="bbox 383 2191 1989 2273; baseline 0.002 -21"><span class='ocrx_word' id='word_1_83' title='bbox 383 2191 624 2254; x_wconf 86' lang='lat' dir='ltr'>Discere</span> <span class='ocrx_word' id='word_1_84' title='bbox 649 2210 835 2273; x_wconf 88' lang='lat' dir='ltr'>quam</span> <span class='ocrx_word' id='word_1_85' title='bbox 867 2192 1080 2254; x_wconf 89' lang='lat' dir='ltr'>multae</span> <span class='ocrx_word' id='word_1_86' title='bbox 1108 2192 1389 2273; x_wconf 84' lang='lat' dir='ltr'>Zephyro</span> <span class='ocrx_word' id='word_1_87' title='bbox 1414 2193 1739 2256; x_wconf 85' lang='lat' dir='ltr'>turbentur</span> <span class='ocrx_word' id='word_1_88' title='bbox 1768 2211 1989 2269; x_wconf 82' lang='lat' dir='ltr'>arenae,</span> 
     </span>
    </p>

    <p class='ocr_par' dir='ltr' id='par_1_8' title="bbox 386 2298 1797 2381">
     <span class='ocr_line' id='line_1_15' title="bbox 386 2298 1797 2381; baseline 0.001 -20"><span class='ocrx_word' id='word_1_89' title='bbox 386 2308 528 2377; x_wconf 88' lang='lat' dir='ltr'>Aut,</span> <span class='ocrx_word' id='word_1_90' title='bbox 562 2301 668 2364; x_wconf 92' lang='lat' dir='ltr'>ubi</span> <span class='ocrx_word' id='word_1_91' title='bbox 694 2300 948 2381; x_wconf 81' lang='lat' dir='ltr'>navigiis</span> <span class='ocrx_word' id='word_1_92' title='bbox 974 2298 1305 2363; x_wconf 83' lang='lat' dir='ltr'>violentior</span> <span class='ocrx_word' id='word_1_93' title='bbox 1333 2298 1551 2362; x_wconf 87' lang='lat' dir='ltr'>incidit</span> <span class='ocrx_word' id='word_1_94' title='bbox 1575 2301 1797 2378; x_wconf 79' lang='lat' dir='ltr'>EuruS,</span> 
     </span>
    </p>

    <p class='ocr_par' dir='ltr' id='par_1_9' title="bbox 386 2406 1936 2490">
     <span class='ocr_line' id='line_1_16' title="bbox 386 2406 1936 2490; baseline -0.001 -21"><span class='ocrx_word' id='word_1_95' title='bbox 386 2408 579 2470; x_wconf 85' lang='lat' dir='ltr'>Nosse</span> <span class='ocrx_word' id='word_1_96' title='bbox 607 2414 759 2490; x_wconf 87' lang='lat' dir='ltr'>quot</span> <span class='ocrx_word' id='word_1_97' title='bbox 788 2407 940 2470; x_wconf 91' lang='lat' dir='ltr'>Ionii</span> <span class='ocrx_word' id='word_1_98' title='bbox 969 2406 1214 2470; x_wconf 80' lang='lat' dir='ltr'>veniant</span> <span class='ocrx_word' id='word_1_99' title='bbox 1238 2406 1316 2469; x_wconf 92' lang='lat' dir='ltr'>ad</span> <span class='ocrx_word' id='word_1_100' title='bbox 1344 2407 1553 2470; x_wconf 84' lang='lat' dir='ltr'>littora</span> <span class='ocrx_word' id='word_1_101' title='bbox 1581 2407 1807 2471; x_wconf 87' lang='lat' dir='ltr'>fluctus</span> <span class='ocrx_word' id='word_1_102' title='bbox 1832 2406 1936 2488; x_wconf 89' lang='lat'><strong>(3).</strong></span> 
     </span>
    </p>
   </div>
   <div class='ocr_carea' id='block_1_7' title="bbox 301 2588 2404 3914">
    <p class='ocr_par' dir='ltr' id='par_1_10' title="bbox 301 2588 2404 3914">
     <span class='ocr_line' id='line_1_17' title="bbox 402 2588 2395 2681; baseline 0 -20"><span class='ocrx_word' id='word_1_103' title='bbox 402 2589 554 2661; x_wconf 88' lang='lat' dir='ltr'>Non</span> <span class='ocrx_word' id='word_1_104' title='bbox 581 2612 748 2681; x_wconf 80' lang='lat' dir='ltr'>ergo</span> <span class='ocrx_word' id='word_1_105' title='bbox 776 2588 975 2659; x_wconf 88' lang='lat' dir='ltr'>nobis</span> <span class='ocrx_word' id='word_1_106' title='bbox 996 2588 1069 2657; x_wconf 91' lang='lat' dir='ltr'>in</span> <span class='ocrx_word' id='word_1_107' title='bbox 1109 2588 1340 2658; x_wconf 84' lang='lat' dir='ltr'>animo</span> <span class='ocrx_word' id='word_1_108' title='bbox 1367 2599 1468 2658; x_wconf 84' lang='lat' dir='ltr'>est</span> <span class='ocrx_word' id='word_1_109' title='bbox 1498 2588 1684 2660; x_wconf 91' lang='lat' dir='ltr'>hunc</span> <span class='ocrx_word' id='word_1_110' title='bbox 1723 2610 2084 2659; x_wconf 85' lang='lat' dir='ltr'>numerum</span> <span class='ocrx_word' id='word_1_111' title='bbox 2118 2591 2395 2680; x_wconf 83' lang='lat' dir='ltr'>referre,</span> 
     </span>
     <span class='ocr_line' id='line_1_18' title="bbox 304 2714 2401 2809; baseline 0.001 -23"><span class='ocrx_word' id='word_1_112' title='bbox 304 2737 532 2808; x_wconf 89' lang='lat' dir='ltr'>neque</span> <span class='ocrx_word' id='word_1_113' title='bbox 585 2715 786 2787; x_wconf 88' lang='lat' dir='ltr'>etiam</span> <span class='ocrx_word' id='word_1_114' title='bbox 835 2735 995 2809; x_wconf 84' lang='lat' dir='ltr'>quae</span> <span class='ocrx_word' id='word_1_115' title='bbox 1047 2714 1434 2786; x_wconf 84' lang='lat' dir='ltr'>recentiora</span> <span class='ocrx_word' id='word_1_116' title='bbox 1474 2714 1757 2785; x_wconf 87' lang='lat' dir='ltr'>nomina</span> <span class='ocrx_word' id='word_1_117' title='bbox 1801 2715 2055 2784; x_wconf 85' lang='lat' dir='ltr'>vitibus</span> <span class='ocrx_word' id='word_1_118' title='bbox 2101 2716 2401 2809; x_wconf 75' lang='lat' dir='ltr'>antiquis</span> 
     </span>
     <span class='ocr_line' id='line_1_19' title="bbox 305 2839 2403 2935; baseline -0 -22"><span class='ocrx_word' id='word_1_119' title='bbox 305 2841 775 2935; x_wconf 79' lang='lat' dir='ltr'>respondeant</span> <span class='ocrx_word' id='word_1_120' title='bbox 816 2840 1043 2912; x_wconf 86' lang='lat' dir='ltr'>dicere</span> <span class='ocrx_word' id='word_1_121' title='bbox 1088 2839 1529 2911; x_wconf 86' lang='lat' dir='ltr'>tentabimus.</span> <span class='ocrx_word' id='word_1_122' title='bbox 1571 2840 1877 2928; x_wconf 88' lang='lat' dir='ltr'>Etenim,</span> <span class='ocrx_word' id='word_1_123' title='bbox 1923 2864 2135 2934; x_wconf 90' lang='lat' dir='ltr'>quum</span> <span class='ocrx_word' id='word_1_124' title='bbox 2182 2842 2258 2911; x_wconf 83' lang='lat' dir='ltr'>in</span> <span class='ocrx_word' id='word_1_125' title='bbox 2308 2843 2403 2912; x_wconf 90' lang='lat' dir='ltr'>lo·</span> 
     </span>
     <span class='ocr_line' id='line_1_20' title="bbox 303 2964 2404 3060; baseline -0.001 -21"><span class='ocrx_word' id='word_1_126' title='bbox 303 2990 463 3039; x_wconf 84' lang='lat' dir='ltr'>cum</span> <span class='ocrx_word' id='word_1_127' title='bbox 519 2967 820 3038; x_wconf 87' lang='lat' dir='ltr'>alienum</span> <span class='ocrx_word' id='word_1_128' title='bbox 882 2966 1206 3036; x_wconf 88' lang='lat' dir='ltr'>translata</span> <span class='ocrx_word' id='word_1_129' title='bbox 1243 2964 1402 3035; x_wconf 80' lang='lat' dir='ltr'>vitis</span> <span class='ocrx_word' id='word_1_130' title='bbox 1439 2965 1799 3059; x_wconf 83' lang='lat' dir='ltr'>proprium</span> <span class='ocrx_word' id='word_1_131' title='bbox 1835 2986 2091 3037; x_wconf 89' lang='lat' dir='ltr'>nomen</span> <span class='ocrx_word' id='word_1_132' title='bbox 2139 2977 2206 3039; x_wconf 92' lang='lat' dir='ltr'>et</span> <span class='ocrx_word' id='word_1_133' title='bbox 2246 2990 2404 3060; x_wconf 86' lang='lat' dir='ltr'>per-</span> 
     </span>
     <span class='ocr_line' id='line_1_21' title="bbox 301 3089 2403 3185; baseline 0 -23"><span class='ocrx_word' id='word_1_134' title='bbox 301 3112 490 3183; x_wconf 85' lang='lat' dir='ltr'>saepe</span> <span class='ocrx_word' id='word_1_135' title='bbox 532 3091 849 3185; x_wconf 83' lang='lat' dir='ltr'>proprias</span> <span class='ocrx_word' id='word_1_136' title='bbox 886 3090 1246 3183; x_wconf 77' lang='lat' dir='ltr'>qualitates</span> <span class='ocrx_word' id='word_1_137' title='bbox 1280 3089 1584 3174; x_wconf 81' lang='lat' dir='ltr'>amittat,</span> <span class='ocrx_word' id='word_1_138' title='bbox 1634 3111 1774 3159; x_wconf 91' lang='lat' dir='ltr'>non</span> <span class='ocrx_word' id='word_1_139' title='bbox 1830 3112 2105 3183; x_wconf 83' lang='lat' dir='ltr'>sperare</span> <span class='ocrx_word' id='word_1_140' title='bbox 2155 3114 2403 3184; x_wconf 87' lang='lat' dir='ltr'>possu-</span> 
     </span>
     <span class='ocr_line' id='line_1_22' title="bbox 303 3213 2401 3310; baseline 0 -23"><span class='ocrx_word' id='word_1_141' title='bbox 303 3238 463 3287; x_wconf 87' lang='lat' dir='ltr'>mus</span> <span class='ocrx_word' id='word_1_142' title='bbox 544 3237 670 3287; x_wconf 88' lang='lat' dir='ltr'>nos</span> <span class='ocrx_word' id='word_1_143' title='bbox 750 3215 820 3285; x_wconf 90' lang='lat' dir='ltr'>in</span> <span class='ocrx_word' id='word_1_144' title='bbox 907 3214 1133 3285; x_wconf 87' lang='lat' dir='ltr'>indice</span> <span class='ocrx_word' id='word_1_145' title='bbox 1219 3213 1580 3285; x_wconf 86' lang='lat' dir='ltr'>vinearum</span> <span class='ocrx_word' id='word_1_146' title='bbox 1657 3225 2046 3285; x_wconf 80' lang='lat' dir='ltr'>nostrarum</span> <span class='ocrx_word' id='word_1_147' title='bbox 2115 3214 2401 3310; x_wconf 84' lang='lat' dir='ltr'>hujusce</span> 
     </span>
     <span class='ocr_line' id='line_1_23' title="bbox 305 3339 2399 3435; baseline 0 -24"><span class='ocrx_word' id='word_1_148' title='bbox 305 3340 636 3435; x_wconf 84' lang='lat' dir='ltr'>temporis</span> <span class='ocrx_word' id='word_1_149' title='bbox 699 3339 1169 3429; x_wconf 81' lang='lat' dir='ltr'>recognituros</span> <span class='ocrx_word' id='word_1_150' title='bbox 1225 3361 1375 3410; x_wconf 87' lang='lat' dir='ltr'>esse</span> <span class='ocrx_word' id='word_1_151' title='bbox 1438 3339 1663 3410; x_wconf 83' lang='lat' dir='ltr'>varias</span> <span class='ocrx_word' id='word_1_152' title='bbox 1710 3340 1971 3431; x_wconf 86' lang='lat' dir='ltr'>species</span> <span class='ocrx_word' id='word_1_153' title='bbox 2030 3363 2190 3433; x_wconf 87' lang='lat' dir='ltr'>quae</span> <span class='ocrx_word' id='word_1_154' title='bbox 2238 3340 2399 3412; x_wconf 87' lang='lat' dir='ltr'>olim</span> 
     </span>
     <span class='ocr_line' id='line_1_24' title="bbox 303 3462 2403 3556; baseline 0 -20"><span class='ocrx_word' id='word_1_155' title='bbox 303 3465 601 3536; x_wconf 87' lang='lat' dir='ltr'>Massico</span> <span class='ocrx_word' id='word_1_156' title='bbox 683 3466 1152 3556; x_wconf 88' lang='lat' dir='ltr'>Surrentoque</span> <span class='ocrx_word' id='word_1_157' title='bbox 1232 3462 1460 3534; x_wconf 88' lang='lat' dir='ltr'>decori</span> <span class='ocrx_word' id='word_1_158' title='bbox 1551 3464 1850 3534; x_wconf 84' lang='lat' dir='ltr'>fuerunt.</span> <span class='ocrx_word' id='word_1_159' title='bbox 1928 3464 2403 3554; x_wconf 86' lang='lat' dir='ltr'>Quamobrem</span> 
     </span>
     <span class='ocr_line' id='line_1_25' title="bbox 304 3590 2403 3684; baseline -0 -20"><span class='ocrx_word' id='word_1_160' title='bbox 304 3592 789 3664; x_wconf 85' lang='lat' dir='ltr'>celeberrimas</span> <span class='ocrx_word' id='word_1_161' title='bbox 850 3592 1316 3661; x_wconf 87' lang='lat' dir='ltr'>Romanorum</span> <span class='ocrx_word' id='word_1_162' title='bbox 1371 3590 1543 3660; x_wconf 81' lang='lat' dir='ltr'>vites</span> <span class='ocrx_word' id='word_1_163' title='bbox 1610 3601 1731 3661; x_wconf 87' lang='lat' dir='ltr'>aut</span> <span class='ocrx_word' id='word_1_164' title='bbox 1778 3591 1923 3661; x_wconf 89' lang='lat' dir='ltr'>illas</span> <span class='ocrx_word' id='word_1_165' title='bbox 1970 3591 2222 3684; x_wconf 90' lang='lat' dir='ltr'>quibus</span> <span class='ocrx_word' id='word_1_166' title='bbox 2261 3604 2403 3663; x_wconf 86' lang='lat' dir='ltr'>erat</span> 
     </span>
     <span class='ocr_line' id='line_1_26' title="bbox 307 3715 2400 3812; baseline -0 -24"><span class='ocrx_word' id='word_1_167' title='bbox 307 3718 540 3812; x_wconf 85' lang='lat' dir='ltr'>aliqua</span> <span class='ocrx_word' id='word_1_168' title='bbox 611 3716 1023 3810; x_wconf 84' lang='lat' dir='ltr'>proprietate</span> <span class='ocrx_word' id='word_1_169' title='bbox 1070 3715 1473 3786; x_wconf 84' lang='lat' dir='ltr'>miraculum</span> <span class='ocrx_word' id='word_1_170' title='bbox 1538 3715 1747 3787; x_wconf 79' lang='lat' dir='ltr'>latino</span> <span class='ocrx_word' id='word_1_171' title='bbox 1815 3717 2095 3789; x_wconf 86' lang='lat' dir='ltr'>nomine</span> <span class='ocrx_word' id='word_1_172' title='bbox 2169 3729 2400 3789; x_wconf 86' lang='lat' dir='ltr'>osten-</span> 
     </span>
     <span class='ocr_line' id='line_1_27' title="bbox 302 3842 854 3914; baseline -0.007 0"><span class='ocrx_word' id='word_1_173' title='bbox 302 3844 490 3914; x_wconf 87' lang='lat' dir='ltr'>disse</span> <span class='ocrx_word' id='word_1_174' title='bbox 514 3843 678 3912; x_wconf 86' lang='lat' dir='ltr'>satis</span> <span class='ocrx_word' id='word_1_175' title='bbox 706 3842 854 3912; x_wconf 86' lang='lat' dir='ltr'>erit.</span> 
     </span>
    </p>
   </div>
   <div class='ocr_carea' id='block_1_8' title="bbox 388 4017 1283 4318">
    <p class='ocr_par' dir='ltr' id='par_1_11' title="bbox 388 4017 1283 4318">
     <span class='ocr_line' id='line_1_28' title="bbox 390 4017 1264 4099; baseline -0.006 -18"><span class='ocrx_word' id='word_1_176' title='bbox 390 4020 469 4099; x_wconf 79' lang='lat'>(1)</span> <span class='ocrx_word' id='word_1_177' title='bbox 501 4017 754 4091; x_wconf 76' lang='lat' dir='ltr'>Pliniu5‚</span> <span class='ocrx_word' id='word_1_178' title='bbox 789 4018 944 4092; x_wconf 91' lang='lat' dir='ltr'>XIV,</span> <span class='ocrx_word' id='word_1_179' title='bbox 978 4034 1061 4091; x_wconf 75' lang='lat' dir='ltr'>iv,</span> <span class='ocrx_word' id='word_1_180' title='bbox 1093 4018 1153 4077; x_wconf 76' lang='lat'>2.</span> <span class='ocrx_word' id='word_1_181' title='bbox 1260 4062 1264 4066; x_wconf 45' lang='lat'>&lt;</span> 
     </span>
     <span class='ocr_line' id='line_1_29' title="bbox 388 4123 1283 4208; baseline -0.003 -20"><span class='ocrx_word' id='word_1_182' title='bbox 388 4132 468 4206; x_wconf 76' lang='lat'>(2)</span> <span class='ocrx_word' id='word_1_183' title='bbox 499 4127 666 4208; x_wconf 81' lang='lat' dir='ltr'>Virg.</span> <span class='ocrx_word' id='word_1_184' title='bbox 701 4128 944 4207; x_wconf 67' lang='lat' dir='ltr'>Georq„</span> <span class='ocrx_word' id='word_1_185' title='bbox 973 4127 1046 4199; x_wconf 87' lang='grc' dir='ltr'>ΙΙ,</span> <span class='ocrx_word' id='word_1_186' title='bbox 1077 4123 1283 4187; x_wconf 85' lang='grc'><strong>89·91.</strong></span> 
     </span>
     <span class='ocr_line' id='line_1_30' title="bbox 391 4234 951 4318; baseline -0.004 -21"><span class='ocrx_word' id='word_1_187' title='bbox 391 4234 473 4318; x_wconf 82' lang='grc'>(3)</span> <span class='ocrx_word' id='word_1_188' title='bbox 509 4236 634 4311; x_wconf 67' lang='lat' dir='ltr'>m„</span> <span class='ocrx_word' id='word_1_189' title='bbox 672 4236 951 4297; x_wconf 79' lang='grc'><strong>103-109.</strong></span> 
     </span>
    </p>
   </div>
  </div>
 </body>
</html>
