2975 5159
318 681 534 752 gens,
603 683 688 732 ne
753 662 1084 755 liquorem
1149 663 1217 734 in
1276 664 1606 736 extremis
1649 664 1990 735 inclusum
2048 664 2411 751 amitteret,

319 798 635 859 extrema
692 788 1223 861 circumcidebat
1264 800 1331 861 et
1382 791 1630 864 iterum
1686 788 2036 885 premebat
2082 815 2097 858 ε
2153 790 2421 863 vinum·-

320 933 457 1005 que
510 912 609 982 sic
657 933 1061 1005 expressum
1119 914 1607 985 circumcisum
1665 913 2090 1002 vocabatur,
2135 925 2202 987 et
2264 915 2424 1008 qnia

321 1037 690 1133 resipiebat
717 1039 1000 1126 ferrum,
1041 1060 1183 1111 non
1211 1040 1278 1110 in
1311 1040 1628 1111 eumdem
1651 1040 1876 1112 locum
1905 1039 2415 1114 demittebatur.

321 1162 632 1256 Denique
667 1185 752 1234 ne
783 1164 1093 1256 expressi
1123 1163 1405 1257 quidem
1446 1163 1731 1237 folliculi
1758 1165 2111 1237 acinorum
2150 1165 2425 1262 inutiles

324 1300 521 1360 erant
554 1318 572 1358 ε
620 1309 780 1360 narn
819 1289 972 1360 illos
999 1289 1254 1361 vinitor
1283 1289 1625 1382 conjicere
1661 1288 1924 1361 solebat
1953 1289 2022 1359 in
2057 1288 2237 1363 dolia
2265 1312 2425 1384 quae

322 1415 708 1509 repleverat
775 1437 1000 1507 aqua,
1074 1416 1369 1509 lot-isque
1422 1437 1516 1486 ex
1581 1414 1690 1486 bis
1750 1414 1965 1487 acinis
2031 1414 2239 1488 fiebat
2282 1416 2426 1489 lora

326 1561 535 1631 quam
575 1561 701 1634 pro
734 1539 900 1611 vino
931 1562 1047 1634 per
1074 1539 1371 1612 hiemem
1395 1540 1727 1635 operariis
1756 1539 1983 1611 dabat.
2014 1540 2209 1612 Lorae
2243 1542 2422 1611 enim

328 1664 517 1758 apud
556 1665 902 1736 Romanos
941 1664 1126 1736 bunc
1158 1688 1359 1738 usum
1408 1666 1617 1737 fuisse
1660 1666 1823 1737 salis
1864 1666 2121 1738 indicat
2156 1669 2427 1739 Catonis

328 1800 754 1885 praeceptum
800 1790 983 1862 istud
1033 1818 1047 1861 ε
1090 1819 1125 1854 α
1175 1789 1308 1863 Ubi
1358 1766 1710 1863 vindemia
1750 1794 1924 1864 facta
1986 1793 2158 1883 erit,
2213 1794 2425 1866 loram

326 1914 572 1986 bibant
608 1936 879 1985 menses
919 1923 1056 1986 tres
1089 1914 1215 2012 (1).
1256 1944 1288 1981 >2
1484 1918 1488 1923 ’

429 2041 914 2111 Intellexerant
971 2060 1253 2134 quoque
1318 2040 1606 2112 Romani
1663 2053 1990 2133 quantam
2068 2044 2427 2115 utilitatem

214 2216 217 2220 «
332 2166 683 2262 percipere
707 2175 988 2261 possent
1018 2166 1111 2236 illi
1144 2167 1263 2259 qui
1285 2166 1593 2238 celeriter
1616 2166 1761 2237 haec
1793 2168 2028 2239 omnia
2059 2168 2377 2240 fecissent
2408 2195 2424 2240 :

330 2292 565 2385 itaque
603 2291 671 2362 in
728 2291 976 2362 eodem
1033 2298 1343 2386 tempore
1385 2312 1593 2382 quam
1650 2290 1976 2384 plurimas
2027 2292 2433 2386 premebant

334 2438 551 2508 uvas;
594 2437 905 2511 pressura
931 2437 1066 2486 una
1097 2417 1333 2487 culeos
1356 2412 1463 2511 (2)
1495 2413 1737 2507 viginti
1771 2415 2058 2509 implere
2086 2417 2429 2490 debebat:

334 2541 447 2612 hic
487 2563 608 2635 pes
644 2542 870 2632 justus
896 2562 1051 2612 esse
1096 2540 1466 2612 videbatur
1512 2538 1644 2636 (3),
1695 2552 1761 2612 et
1800 2541 2041 2633 viginti
2073 2542 2436 2635 jugeribus
2513 2638 2516 2641 y

336 2689 553 2740 unum
591 2665 909 2737 sufficere
942 2676 1207 2760 poterat
1243 2665 1602 2737 torculum.

437 2793 763 2863 Intererat
778 2802 1008 2866 autem
1028 2791 1295 2884 aliquid
1311 2791 1483 2862 inter
1504 2791 1840 2863 torculum
1858 2801 1925 2863 et
1943 2792 2382 2866 torcularium
2413 2822 2428 2866 ε

339 2939 499 2988 nam
556 2918 994 2990 torcularium
1034 2916 1415 2987 vocabatur
1452 2915 1565 2987 ille
1613 2916 1807 2990 locus
1846 2917 1915 2986 in
1951 2938 2090 3009 quo
2130 2918 2436 3014 depone-

339 3042 591 3113 bantur
617 3042 848 3114 omnia
876 3063 1036 3135 quae
1060 3041 1147 3112 ad
1166 3040 1577 3134 premendas
1599 3062 1775 3111 uvas
1801 3041 2250 3135 faciendaque
2274 3044 2439 3115 vina

340 3167 831 3261 pertinebant3
878 3167 1210 3238 torculum
1244 3188 1411 3238 vero
1452 3176 1596 3238 erat
1632 3165 1945 3239 machina
1989 3189 2127 3259 qua
2179 3189 2443 3261 preme-

429 3371 508 3449 (1)
536 3370 664 3430 Cat.
687 3368 760 3430 R.
779 3369 876 3443 R„
907 3371 985 3429 57
1009 3384 1026 3430 ε
1065 3388 1097 3428 c<
1118 3366 1350 3430 Vinum
1371 3366 1625 3430 familiae
1648 3375 1950 3450 quantum
1972 3367 2176 3433 detur.
2207 3391 2238 3429 ι)
2262 3371 2436 3434 Conf.

348 3477 523 3539 Varr.
556 3475 636 3538 R.
662 3476 764 3553 R„
795 3477 841 3550 Ι,
876 3477 981 3537 54.

426 3598 506 3678 (2)
539 3595 719 3677 Apud
747 3597 1056 3660 Romanos
1085 3612 1373 3662 mensura
1416 3595 1684 3660 maxima
1735 3594 1994 3677 liquoris
2037 3604 2168 3660 erat
2207 3598 2436 3674 culeus,

343 3705 424 3767 de
450 3722 575 3786 quo
604 3701 757 3765 dixit
780 3702 1050 3764 Fannius
1080 3719 1095 3763 ε

624 3850 709 3900 Est
729 3847 877 3900 ethis
899 3846 1068 3899 decies
1086 3859 1242 3912 quem
1270 3847 1478 3899 conficit
1498 3848 1750 3912 amphora
1773 3848 1960 3900 nostris

623 3937 849 4001 CulleuS,
874 3936 974 3987 hoc
998 3936 1142 3987 nulla
1168 3941 1247 3988 est
1272 3937 1440 4001 major
1459 3950 1705 3989 mensura
1724 3938 1956 4003 liquoris,

340 4069 642 4134 Gallicam
679 4068 745 4130 in
785 4068 1055 4148 linguam
1093 4067 1145 4130 si
1172 4065 1335 4129 culei
1364 4084 1722 4130 mensuram
1758 4071 2088 4133 transferre
2128 4070 2437 4148 volumuS,

341 4176 686 4255 intelligere
715 4174 1016 4237 debemus
1048 4196 1078 4234 c«
1107 4173 1342 4237 5171it.
1373 4177 1457 4237 90
1481 4174 1614 4237 dec.
1641 4196 1672 4233 »

426 4302 507 4379 (3)
543 4295 713 4360 Conf.
746 4296 931 4373 Plin„
961 4297 1171 4374 XVIII,
1201 4298 1300 4358 31.
