2975 5159
1649 509 1743 583 321
1795 552 1891 566 —

650 689 657 700 ¹
731 665 881 736 Iam
929 664 1229 757 quidem⁴
1266 686 1477 758 supra
1530 664 1840 736 diximus
1888 686 2032 755 quo
2089 664 2298 735 modo
2342 672 2745 757 putarentur

636 788 918 861 arbores
954 788 1024 859 in
1064 788 1319 882 quibus
1342 789 1811 861 collocabatur
1841 789 2026 861 vitis.
2063 790 2238 859 Vitis
2266 799 2498 860 autem
2531 788 2735 873 illius,

638 934 799 1007 quae
830 934 989 984 cum
1029 913 1326 985 arbustis
1349 913 1679 1006 conjungi
1718 914 2008 1005 solebat,
2048 913 2378 1010 putandae
2412 914 2566 986 talis
2601 925 2745 986 erat

640 1038 839 1130 ratio,
895 1047 971 1109 ut
1009 1059 1202 1125 eam,
1257 1060 1464 1132 quam
1525 1038 2014 1133 exposuimus,
2064 1049 2368 1110 servaret
2419 1040 2735 1109 formam.

639 1161 861 1237 Prima
901 1164 1048 1255 ejus
1083 1163 1370 1236 materia
1404 1163 1491 1235 ad
1524 1163 1904 1236 secundam
1936 1164 2048 1235 vel
2091 1163 2362 1235 tertiam
2397 1184 2744 1257 gemmam

637 1287 1179 1383 praecidebatur3
1221 1289 1476 1361 deinde
1514 1288 1800 1380 singulis
1831 1290 2031 1359 annis
2069 1287 2330 1382 aliquid
2359 1307 2480 1383 per
2510 1305 2746 1359 ramos

637 1414 806 1485 ulmi
839 1434 1150 1486 crescere
1193 1412 1491 1486 subinde
1532 1413 1921 1509 patiebatur
1961 1424 2261 1507 putator,
2294 1435 2506 1485 unam
2541 1421 2748 1483 mate-

640 1538 812 1611 riam
857 1561 1133 1634 semper
1163 1540 1250 1610 ad
1284 1560 1625 1611 cacumen
1656 1538 1980 1631 dirigens.
2020 1538 2320 1609 Curabat
2352 1548 2431 1609 ut
2455 1557 2747 1632 semper

639 1673 871 1736 vetera
895 1672 1280 1752 sarmenta,
1321 1665 1578 1757 quibus
1606 1644 1931 1759 proximo
1968 1685 2153 1734 anno
2187 1663 2445 1735 fructus
2494 1683 2748 1757 pepen-

638 1787 872 1876 derat,
919 1788 1150 1860 omnia
1205 1789 1573 1879 recideret,
1621 1799 1731 1876 et,
1778 1786 2195 1860 circumcisis
2237 1787 2567 1883 capreolis
2629 1810 2743 1859 ra-

639 1915 1385 2009 mulisqueinutilibuS‚
1422 1916 1796 1989 dimitteret
1828 1935 2016 1986 nova
2054 1914 2186 2010 (t).
2239 1913 2512 2008 Agebat
2533 1913 2746 1986 etiam

641 2061 732 2114 ne
760 2040 1051 2113 nimium
1081 2041 1300 2138 spissa
1329 2041 1491 2115 vitis
1521 2049 1705 2115 esset
1739 2040 1810 2111 in
1838 2040 2107 2113 arbore.

1596 2272 1770 2343 vlu.

1107 2424 1261 2511 Quo
1313 2417 1521 2491 modo
1558 2422 1765 2511 fieret
1804 2423 2279 2522 pampinatio.

740 2597 1173 2671 Putationem
1235 2600 1652 2694 sequebatur
1713 2602 2190 2697 pampinati0,
2255 2599 2748 2693 frondatorque

641 2724 1023 2798 vocabatur
1084 2721 1205 2819 qui
1264 2748 1547 2822 operam
1616 2728 1815 2801 istam
1872 2728 2293 2823 perficiebat.
2360 2724 2748 2800 Frondator

645 2861 908 2923 tantum
962 2861 1429 2946 opportunam
1482 2874 1634 2924 esse
1663 2907 1683 2944 ,
1746 2877 1959 2947 quum
2016 2849 2232 2924 teneri
2293 2851 2466 2924 rami
2509 2850 2750 2943 digitis

642 2976 1137 3069 stringentibus
1176 2975 1495 3048 facillime
1534 2987 1894 3072 creparent
1936 2988 2004 3050 et
2032 2988 2211 3050 tactu
2243 2978 2354 3049 vel
2389 2974 2752 3050 levissimo

643 3085 1133 3195 deJ'icerentur‘,
1174 3102 1765 3197 pampinatiouem
1816 3101 2175 3190 credebat,
2225 3125 2312 3172 ne
2364 3099 2749 3174 vehemen-

647 3227 852 3299 tiores
877 3229 1021 3320 jam
1076 3228 1394 3323 palmites
1434 3238 1554 3301 aut
1590 3232 1849 3323 majore
1890 3231 2040 3301 nisu
2074 3226 2370 3301 convelli
2407 3238 2525 3302 aut
2569 3229 2750 3299 falce

646 3353 960 3447 deputari
987 3353 1344 3426 deberent.
1374 3356 1651 3449 Duplex
1684 3355 1965 3448 quidem
2003 3353 2148 3425 fieri
2189 3363 2453 3448 poterat
2494 3378 2509 3423 ε
2548 3375 2754 3447 pam-

642 3477 902 3573 pinatio
959 3501 1173 3550 verna
1235 3480 1323 3550 ab
1371 3480 1603 3552 idibus
1653 3469 1855 3553 maiis
1908 3477 2003 3575 (Ξ)
2047 3479 2221 3550 intra
2282 3480 2432 3552 dies
2468 3478 2747 3567 decem,

642 3616 1011 3709 antequam
1067 3602 1304 3675 florem
1356 3581 1516 3675 vitis
1570 3605 1985 3692 ostenderet,
2030 3602 2444 3699 incipiebat3
2487 3604 2611 3676 sed
2653 3605 2755 3676 de

639 3731 852 3802 altera
888 3727 1251 3803 variabant
1286 3730 1652 3802 sententiae
1678 3786 1696 3822 ,
1745 3730 1993 3824 aliqui,
2034 3752 2247 3823 quum
2283 3730 2490 3803 vinea
2520 3729 2751 3804 deflo-

721 3906 803 3985 (1)
830 3904 996 3970 Talia
1020 3903 1250 3970 Plinius
1279 3924 1296 3967 z
1335 3926 1367 3964 (ι
1389 3906 1478 3967 De
1513 3911 1747 3982 cetere,
1779 3903 1998 3986 inquit,
2046 3903 2360 3986 putatione
2401 3903 2573 3966 omni
2621 3907 2752 3968 fla-

637 4009 802 4101 gella
826 4027 966 4091 quae
993 4009 1277 4089 proxime
1305 4010 1584 4074 tulerunt
1608 4010 2001 4080 recidantur:
2031 4028 2189 4073 nova
2215 4011 2597 4075 circumcisis
2621 4029 2751 4076 un-

643 4116 834 4199 dique
863 4114 1165 4196 capreolis
1199 4123 1571 4196 spargantur
1602 4117 1667 4180 in
1692 4116 1997 4182 tabulatis,
2030 4137 2059 4176 n
2094 4117 2279 4196 XVII,
2307 4120 2407 4181 23.
2433 4150 2507 4165 -
2550 4119 2747 4185 Conf.

639 4221 1006 4302 Palladium5
1037 4212 1136 4298 ΙΙΙ,
1171 4226 1268 4286 13.
1402 4216 1409 4220 ’

722 4328 801 4410 (2)
833 4328 1063 4393 Gallice
1101 4352 1132 4389 (ι
1167 4332 1242 4392 15
1269 4332 1411 4394 maia
1437 4345 1468 4391 n
