2975 5159
1515 451 1898 519 ..εξ-

660 596 894 669 tiosius
930 598 1146 669 ullum
1173 619 1386 690 quam
1414 598 1840 688 scillicicum,
1883 601 2074 695 quod
2118 623 2211 673 ex
2245 608 2446 674 aceto
2467 613 2535 673 et
2561 605 2740 674 melle

656 735 725 795 et
789 723 979 794 scilla
1022 723 1415 813 constabat,
1479 726 1816 819 cujusque
1870 748 1998 797 usu
2052 727 2272 817 major
2323 726 2530 799 fiebat
2587 729 2736 800 vita.

653 846 1216 943 Antiquissimam
1258 850 1466 940 igitur
1517 872 1667 923 esse
1703 849 2077 922 credebant
2115 872 2256 923 rem
2300 861 2443 923 tam
2499 855 2739 947 pretio-

654 995 828 1065 sam,
866 985 933 1046 et
956 983 1223 1046 acetum
1253 973 1638 1046 scilliticum
1682 975 1991 1047 ferebant
2025 975 2095 1047 in
2128 978 2397 1049 arcanis
2438 976 2741 1050 habitum

656 1099 745 1171 ad
783 1098 1289 1194 prorogandam
1330 1099 1543 1171 vitam
1575 1119 1616 1170 a
1648 1099 2063 1197 Pythagora,
2111 1123 2325 1195 quum
2374 1114 2645 1176 centum
2682 1114 2743 1176 et

649 1226 1139 1321 septemdecim
1192 1247 1410 1299 annos
1463 1225 1612 1321 ipse
1673 1226 1964 1300 vixisset
2002 1226 2134 1323 (1).
2195 1228 2402 1320 Cujus
2468 1229 2743 1321 liquoris

648 1349 943 1423 faciendi
980 1366 1395 1447 praeceptum
1442 1351 1651 1423 breve
1685 1352 1972 1444 legimus
2025 1353 2210 1447 apud
2243 1353 2681 1425 Columellam
2723 1378 2738 1422 ε

644 1506 678 1542 α
710 1476 935 1560 Scillae
972 1477 1205 1570 pondo
1238 1477 1479 1548 libram
1532 1498 1740 1549 unam
1793 1478 1862 1548 in
1918 1481 2090 1549 aceti
2126 1479 2300 1550 duas
2341 1502 2548 1550 urnas
2586 1479 2745 1571 adji-

647 1601 864 1685 ciunt,
921 1610 991 1672 et
1051 1624 1169 1697 per
1224 1599 1682 1694 quadraginta
1729 1601 1877 1674 dies
1926 1602 2150 1675 inesse
2204 1587 2580 1697 patiuntur,
2628 1602 2744 1696 qui

643 1726 1023 1800 scilliticum
1059 1738 1329 1799 acetum
1365 1726 1589 1799 facere
1624 1728 1869 1798 volunt
1899 1726 2031 1823 (2).
2082 1758 2107 1792 ι»

739 1854 952 1928 Aceto
985 1865 1239 1945 tamen,
1281 1855 1620 1949 quamvis
1667 1854 1842 1954 ‚illud
1873 1876 2006 1925 non
2041 1853 2557 1948 despiciendum
2597 1876 2745 1926 esse

642 1994 992 2078 putarent,
1058 1984 1206 2054 sine
1259 1980 1477 2052 dubio
1515 1980 1752 2051 vinum
1804 1976 2316 2069 anteferebant;
2383 1994 2476 2071 et,
2529 2002 2745 2074 quum

641 2120 866 2182 essent
923 2109 1236 2181 vinorum
1283 2127 1535 2201 genera
1582 2105 1821 2195 multa,
1869 2105 2021 2177 aliis
2071 2126 2349 2201 quoque
2387 2106 2520 2177 alia
2558 2116 2746 2200 post-

588 2217 595 2222 ·
639 2234 1095 2330 ponebantur.

1588 2443 1771 2515 XIV.

738 2649 846 2718 De
867 2644 1241 2741 praecepuis
1282 2646 1756 2714 Romanorum
1784 2640 1982 2711 vinis
2021 2664 2110 2709 ac
2127 2640 2523 2737 praesertim
2552 2637 2648 2710 de

1520 2767 1845 2840 Falerno,

727 2968 894 3054 Quis
950 2967 1127 3039 enim
1178 2968 1439 3039 dubitet
1494 2989 1747 3059 genera
1803 2965 1948 3037 vini
2003 2963 2137 3036 alia
2209 2965 2357 3037 aliis
2426 2967 2747 3057 gratiora

632 3092 826 3165 esse?
856 3093 1078 3178 Quum
1125 3092 1328 3162 etiam
1377 3114 1465 3161 ex
1507 3086 1931 3162 eodem’lacu
1960 3090 2243 3160 alterum
2288 3091 2750 3183 praestantius

629 3220 845 3290 altero
864 3216 1236 3310 judicetur,
1264 3217 1412 3288 sive
1436 3227 1636 3303 testa,
1661 3216 1808 3287 sive
1828 3215 2105 3287 fortuito
2123 3226 2399 3286 eventu.
2426 3244 2459 3280 «
2475 3216 2749 3299 Quam-

631 3344 897 3433 obrem,
968 3343 1309 3414 exclamat
1378 3340 1634 3412 Plinius
1668 3339 1812 3436 (3),
1873 3340 1960 3410 de
2007 3339 2388 3434 principatu
2438 3362 2511 3412 se
2539 3342 2751 3434 quis-

626 3492 763 3563 que
796 3468 1098 3561 judicem
1146 3476 1424 3538 statuat.
1478 3495 1514 3530 ι)
1569 3468 1659 3536 At
1694 3487 1823 3536 nos
1859 3460 2029 3535 heu!
2092 3465 2209 3558 qui
2259 3465 2751 3538 Romanorum

626 3593 788 3694 vina
824 3615 966 3665 non
1000 3593 1327 3678 bibimus,
1354 3612 1493 3662 non
1526 3590 1612 3660 de
1643 3598 1830 3661 tanta
1860 3588 2234 3681 quaestione
2272 3591 2749 3684 nosmetipsos

616 3696 885 3810 judices
936 3728 1235 3790 statuere
1283 3739 1672 3811 possumuS,
1733 3725 1963 3807 atque,
2025 3713 2081 3785 si
2128 3714 2574 3787 celeberrima
2623 3718 2747 3789 di-

621 3866 776 3916 cere
810 3843 972 3915 vina
1015 3844 1484 3915 Romanorum
1527 3842 1595 3911 in
1624 3839 1854 3911 animo
1892 3827 2020 3927 est,
2053 3839 2444 3933 scriptores,
2488 3840 2624 3933 qui
2651 3841 2752 3914 de

695 4046 777 4127 (1)
806 4046 979 4109 Gonf.
1013 4043 1352 4109 Dioscorid.
1367 4089 1387 4121 ,
1414 4044 1524 4107 lib.
1550 4041 1625 4106 V.

694 4152 778 4232 (2)
806 4153 1044 4216 Colum.
1054 4199 1073 4230 ‚
1096 4152 1225 4228 XII,
1261 4155 1364 4214 34.

696 4260 778 4338 (3)
809 4258 990 4337 Ptin„
1018 4257 1176 4335 XIV,
1205 4261 1266 4321 6.
