2975 5159
1088 485 1478 555 ...81-

242 632 431 715 nulli,
469 635 589 727 qui
628 646 908 730 propter
942 636 1253 709 eamdem
1291 657 1573 708 causam
1617 643 1689 706 et
1729 634 2018 729 pulvere
2058 644 2126 707 et
2176 657 2330 708 ara-

202 855 211 862 ·
238 778 533 829 aearum-
555 758 695 830 filis·
714 760 1003 850 lagenas„
1025 761 1244 855 perite
1266 767 1682 853 contegunt,
1739 795 1746 804 .

1203 968 1383 1039 Xlll.

1104 1139 1213 1203 De
1252 1147 1470 1204 acela.

331 1310 611 1383 Talibus
653 1311 833 1383 curis
862 1321 931 1384 et
963 1311 1079 1383 tali
1107 1310 1345 1384 labore
1389 1311 1672 1383 curabat
1694 1311 1951 1383 vinitor
1989 1320 2064 1382 ut
2102 1334 2338 1383 serva-

233 1445 476 1506 rentur
519 1437 702 1507 vina.
754 1438 926 1520 Quae
965 1447 1193 1508 tamen
1225 1438 1634 1509 acescebant
1671 1436 2072 1529 aliquando,
2116 1449 2183 1507 et
2216 1458 2342 1531 pro

233 1561 418 1631 vinis
479 1570 749 1632 acetum
812 1562 954 1656 jam
1015 1571 1277 1636 tantum
1343 1562 1666 1636 habebat.
1738 1562 1930 1633 Aceti
1986 1583 2149 1633 vero
2203 1584 2340 1633 non

229 1683 655 1778 ignorabant
701 1710 900 1758 usum
940 1689 1270 1777 Romani,
1311 1698 1379 1758 et
1418 1709 1509 1759 ex
1559 1686 1673 1758 illo
1721 1686 2077 1758 utilitatem
2135 1708 2341 1781 pecu-

230 1810 567 1903 niamque
613 1811 884 1883 trabere
920 1820 1255 1905 poterant.

328 1936 630 2008 Acetum
667 1937 848 2007 enim
888 1960 1015 2009 nec
1048 1937 1374 2050 indignus
1411 1960 1541 2009 nec
1585 1926 1841 2032 pravus
1869 1937 2095 2032 liquor
2129 1935 2344 2011 habe-

227 2061 499 2134 batur·
543 2062 610 2131 in
636 2062 774 2150 illo,
809 2062 1130 2156 quamvis
1156 2085 1246 2133 ex
1274 2041 1633 2156 putredine
1664 2062 1804 2133 vini
1848 2063 2342 2155 degeneratum

226 2199 441 2275 esset,
474 2187 802 2281 putabant
834 2210 984 2260 esse
1013 2187 1471 2260 sinceritatem
1498 2189 1874 2281 quamdam
1904 2199 1973 2260 et
1995 2189 2343 2262 virtutem.

218 2314 442 2398 Nam,
507 2323 584 2383 ut
637 2312 913 2383 aiebant
966 2311 1519 2409 philosophi(1),
1585 2303 1936 2409 corruptio
1989 2314 2190 2385 unius
2243 2325 2349 2386 est

222 2438 520 2509 alterius
558 2415 936 2529 generatim
984 2447 1053 2508 et
1107 2446 1417 2538 naturaei,
1459 2459 1622 2531 quae
1673 2438 1835 2509 nihil
1871 2438 2198 2533 relinquit
2236 2461 2349 2511 su-

224 2560 579 2655 perssunm
632 2583 758 2632 nec
806 2562 1310 2657 imperfectum,
1358 2563 1479 2634 sed
1520 2585 1793 2659 semper
1840 2564 2103 2636 intenta
2127 2573 2230 2635 est
2257 2562 2346 2635 ad

217 2686 754 2779 generationem
808 2697 879 2757 et
932 2688 1416 2780 perfectionem
1457 2707 1718 2774 rerum,
1776 2688 1836 2760 is
1881 2697 1984 2760 est
2028 2697 2341 2777 conatuS‚

218 2823 301 2888 ut
341 2833 447 2888 ex
484 2830 900 2904 quacunque
928 2832 1002 2882 re
1024 2811 1299 2905 putrida
1328 2811 1695 2906 *repullulet
1726 2835 1836 2883 res
1856 2814 2066 2885 altera
2097 2813 2351 2907 speciei

216 2958 475 3012 novae.
518 2936 759 3027 Itaque
788 2946 1057 3008 acetum
1098 2958 1234 3007 non
1274 2935 1513 3007 vinum
1555 2947 1931 3027 mortuum,
1968 2958 2109 3008 non
2138 2939 2348 3031 putri·

218 3064 400 3138 dum
439 3060 768 3155 quiddam
802 3061 1189 3147 habehant,
1249 3062 1371 3133 sed
1410 3062 1577 3150 vini,
1609 3075 1685 3132 ut
1717 3062 1811 3133 ita
1840 3063 2091 3152 dicam,
2133 3084 2344 3153 gene·

221 3190 372 3264 rosi
412 3188 1006 3278 regenerationem
1040 3188 1413 3282 quamdam
1447 3199 1516 3259 et
1547 3210 1707 3259 vere
1738 3188 2019 3280 dignam
2047 3188 2345 3260 aestima·

218 3317 431 3388 tione
461 3307 859 3382 vinitorum.

236 3418 245 3424 ’
324 3434 547 3516 Nullo
581 3438 785 3509 etiam
826 3436 1116 3530 liquore,
1166 3436 1421 3510 omisso
1453 3436 1643 3525 vino,
1683 3437 1941 3532 saepius
1982 3438 2085 3508 usi
2109 3435 2345 3509 viden·

218 3582 342 3640 tur
383 3584 602 3658 quam
623 3583 748 3633 suo
778 3562 1154 3657 oxymelite
1192 3560 1388 3654 quod
1426 3585 1515 3634 ex
1546 3572 1741 3633 aceto
1769 3563 2051 3633 etmelle
2075 3573 2145 3633 et
2162 3583 2352 3662 aqua¹

213 3688 601 3766 constabat
636 3685 741 3782 (2)
793 3714 809 3755 ε
853 3709 982 3758 nec
1019 3686 1193 3758 inter
1220 3686 1449 3759 omnia
1482 3685 1875 3781 oxymelitis
1912 3708 2168 3778 genera
2197 3709 2343 3781 pre·

308 3838 401 3922 (1)
442 3836 618 3901 Cous.
644 3836 983 3916 Theophr.,
1010 3837 1110 3911 VI,
1141 3836 1220 3898 de
1243 3836 1444 3899 causis
1468 3836 1841 3917 plantarum.

255 3940 263 3946 ’
309 3947 413 4030 (2)
440 3946 742 4006 «Acetum
774 3942 956 4005 melle
989 3942 1469 4023 temperabatur,
1491 3943 1575 4004 ait
1588 3942 1842 4018 Plinius,
1875 3943 2032 4018 XIV,
2051 3947 2164 4020 213
2198 3961 2345 4023 oxy-

212 4053 386 4123 meli
436 4051 551 4112 hoc
579 4056 895 4126 vocarunt,
931 4048 1131 4110 mellis
1161 4048 1378 4112 decem
1408 4047 1607 4124 tibris,
1641 4048 1797 4112 aceti
1822 4048 2045 4112 veteris
2075 4048 2343 4112 heminis

209 4161 545 4246 quinque,
590 4156 729 4218 salis
778 4154 997 4217 marini
1036 4154 1222 4231 libra,
1265 4174 1444 4237 aquae
1487 4157 1713 4243 plussiae
1747 4155 2023 4218 sextariis
2069 4155 2342 4239 quinque

211 4263 695 4334 suffervefactis
719 4261 956 4335 decieS‚
990 4280 1134 4325 mox
1165 4262 1487 4339 elutriatis,
1525 4261 1821 4345 atqaeita
1850 4263 2220 4326 inveteratis·
2257 4286 2287 4323 ι)

2037 4391 2066 4437 6
